{
  "code": 0,
  "totalSize": 167,
  "success": true,
  "content": [
    {
      "newoiling_machine": 6.0,
      "neweoil_gun": 20.0,
      "newemployees": 15.0,
      "newsale_amount": 0.0,
      "company_id": "10005885",
      "company_short_name": "高速石油",
      "company_name": "浙江高速石油发展有限公司",
      "introd_type": "门店简介",
      "shop_id": "32851756",
      "shop_name": "上虞南湖加油站",
      "province": "浙江省",
      "longitude": "120.905505",
      "latitude": "30.048726",
      "business_id": "102",
      "business_type": "加油站",
      "adress": "上虞区百官街道南湖丰一村（浙江石狮商贸城8号门对面）",
      "open_date": "1998-10-01",
      "employees": "15",
      "cumul_revenue": 0.0,
      "sale_amount": 0.0,
      "passenger_flow": 0.0,
      "passenger_price": 0.0,
      "loil_lng_annual_saleslow": 8414.0,
      "oiling_machine": 6.0,
      "oil_gun": 20.0,
      "refind_oil_annual_sales": 7090.0,
      "annual_sales_92": 2732.0,
      "annual_sales_95": 2405.0,
      "annual_sales_98": 133.0,
      "annual_sales_0": 1820.0,
      "annual_pvenergy_output": 0.0,
      "pv_capacity": 0.0,
      "create_date": "2023-10-10 16:14:54",
      "rank": "1",
      "rank2": "1",
      "identifier": "",
      "newcompany_id": "4",
      "loil_lng_annual_sales": 0.84,
      "open_datenew": "1998年"
    },
    {
      "newoiling_machine": 4.0,
      "neweoil_gun": 16.0,
      "newemployees": 10.0,
      "newsale_amount": 0.0,
      "company_id": "10005885",
      "company_short_name": "高速石油",
      "company_name": "浙江高速石油发展有限公司",
      "introd_type": "门店简介",
      "shop_id": "32851759",
      "shop_name": "上虞小越加油站",
      "province": "浙江省",
      "longitude": "120.933809",
      "latitude": "30.077706",
      "business_id": "102",
      "business_type": "加油站",
      "adress": "上虞区小越镇越北村小越加油站",
      "open_date": "1998-10-01",
      "employees": "10",
      "cumul_revenue": 0.0,
      "sale_amount": 0.0,
      "passenger_flow": 0.0,
      "passenger_price": 0.0,
      "loil_lng_annual_saleslow": 5815.0,
      "oiling_machine": 4.0,
      "oil_gun": 16.0,
      "refind_oil_annual_sales": 4541.0,
      "annual_sales_92": 1331.0,
      "annual_sales_95": 714.0,
      "annual_sales_98": 32.0,
      "annual_sales_0": 2464.0,
      "annual_pvenergy_output": 0.0,
      "pv_capacity": 0.0,
      "create_date": "2023-10-10 16:14:55",
      "rank": "1",
      "rank2": "1",
      "identifier": "",
      "newcompany_id": "4",
      "loil_lng_annual_sales": 0.58,
      "open_datenew": "1998年"
    },
    {
      "newoiling_machine": 6.0,
      "neweoil_gun": 14.0,
      "newemployees": 8.0,
      "newsale_amount": 0.0,
      "company_id": "10005885",
      "company_short_name": "高速石油",
      "company_name": "浙江高速石油发展有限公司",
      "introd_type": "门店简介",
      "shop_id": "32851757",
      "shop_name": "上虞杭甬加油站",
      "province": "浙江省",
      "longitude": "120.835465",
      "latitude": "30.016553",
      "business_id": "102",
      "business_type": "加油站",
      "adress": "上虞区曹娥街道新舍村杭甬加油站",
      "open_date": "1997-05-08",
      "employees": "8",
      "cumul_revenue": 0.0,
      "sale_amount": 0.0,
      "passenger_flow": 0.0,
      "passenger_price": 0.0,
      "loil_lng_annual_saleslow": 4403.0,
      "oiling_machine": 6.0,
      "oil_gun": 14.0,
      "refind_oil_annual_sales": 3118.0,
      "annual_sales_92": 1402.0,
      "annual_sales_95": 744.0,
      "annual_sales_98": 33.0,
      "annual_sales_0": 939.0,
      "annual_pvenergy_output": 0.0,
      "pv_capacity": 0.0,
      "create_date": "2023-10-10 16:14:54",
      "rank": "1",
      "rank2": "1",
      "identifier": "",
      "newcompany_id": "4",
      "loil_lng_annual_sales": 0.44,
      "open_datenew": "1997年"
    },
    {
      "newoiling_machine": 2.0,
      "neweoil_gun": 6.0,
      "newemployees": 3.0,
      "newsale_amount": 0.0,
      "company_id": "10005885",
      "company_short_name": "高速石油",
      "company_name": "浙江高速石油发展有限公司",
      "introd_type": "门店简介",
      "shop_id": "32851758",
      "shop_name": "上虞浙东加油站",
      "province": "浙江省",
      "longitude": "120.916791",
      "latitude": "30.061704",
      "business_id": "102",
      "business_type": "加油站",
      "adress": "上虞区小越镇鲛里村",
      "open_date": "1997-09-01",
      "employees": "3",
      "cumul_revenue": 0.0,
      "sale_amount": 0.0,
      "passenger_flow": 0.0,
      "passenger_price": 0.0,
      "loil_lng_annual_saleslow": 1830.0,
      "oiling_machine": 2.0,
      "oil_gun": 6.0,
      "refind_oil_annual_sales": 1816.0,
      "annual_sales_92": 661.0,
      "annual_sales_95": 397.0,
      "annual_sales_98": 0.0,
      "annual_sales_0": 758.0,
      "annual_pvenergy_output": 0.0,
      "pv_capacity": 0.0,
      "create_date": "2023-10-10 16:14:55",
      "rank": "1",
      "rank2": "1",
      "identifier": "",
      "newcompany_id": "4",
      "loil_lng_annual_sales": 0.18,
      "open_datenew": "1997年"
    },
    {
      "newoiling_machine": 3.0,
      "neweoil_gun": 10.0,
      "newemployees": 4.0,
      "newsale_amount": 0.0,
      "company_id": "10005885",
      "company_short_name": "高速石油",
      "company_name": "浙江高速石油发展有限公司",
      "introd_type": "门店简介",
      "shop_id": "32851760",
      "shop_name": "上虞炼塘加油站",
      "province": "浙江省",
      "longitude": "120.797425",
      "latitude": "30.012518",
      "business_id": "102",
      "business_type": "加油站",
      "adress": "上虞区东关街道联星村104国道南侧上虞加油站",
      "open_date": "1998-07-01",
      "employees": "4",
      "cumul_revenue": 0.0,
      "sale_amount": 0.0,
      "passenger_flow": 0.0,
      "passenger_price": 0.0,
      "loil_lng_annual_saleslow": 1393.0,
      "oiling_machine": 3.0,
      "oil_gun": 10.0,
      "refind_oil_annual_sales": 1022.0,
      "annual_sales_92": 315.0,
      "annual_sales_95": 180.0,
      "annual_sales_98": 0.0,
      "annual_sales_0": 527.0,
      "annual_pvenergy_output": 0.0,
      "pv_capacity": 0.0,
      "create_date": "2023-10-10 16:14:55",
      "rank": "1",
      "rank2": "1",
      "identifier": "",
      "newcompany_id": "4",
      "loil_lng_annual_sales": 0.14,
      "open_datenew": "1998年"
    },
    {
      "newoiling_machine": 6.0,
      "neweoil_gun": 16.0,
      "newemployees": 13.0,
      "newsale_amount": 0.0,
      "company_id": "10005885",
      "company_short_name": "高速石油",
      "company_name": "浙江高速石油发展有限公司",
      "introd_type": "门店简介",
      "shop_id": "32851755",
      "shop_name": "上虞百官加油站",
      "province": "浙江省",
      "longitude": "120.892445",
      "latitude": "30.031987",
      "business_id": "102",
      "business_type": "加油站",
      "adress": "上虞百官街道二号桥",
      "open_date": "1997-05-08",
      "employees": "13",
      "cumul_revenue": 0.0,
      "sale_amount": 0.0,
      "passenger_flow": 0.0,
      "passenger_price": 0.0,
      "loil_lng_annual_saleslow": 6648.0,
      "oiling_machine": 6.0,
      "oil_gun": 16.0,
      "refind_oil_annual_sales": 5105.0,
      "annual_sales_92": 2253.0,
      "annual_sales_95": 2513.0,
      "annual_sales_98": 0.0,
      "annual_sales_0": 338.0,
      "annual_pvenergy_output": 0.0,
      "pv_capacity": 0.0,
      "create_date": "2023-10-10 16:14:54",
      "rank": "1",
      "rank2": "1",
      "identifier": "",
      "newcompany_id": "4",
      "loil_lng_annual_sales": 0.66,
      "open_datenew": "1997年"
    },
    {
      "newoiling_machine": 2.0,
      "neweoil_gun": 6.0,
      "newemployees": 3.0,
      "newsale_amount": 0.0,
      "company_id": "10005885",
      "company_short_name": "高速石油",
      "company_name": "浙江高速石油发展有限公司",
      "introd_type": "门店简介",
      "shop_id": "32851761",
      "shop_name": "上虞金谷加油站",
      "province": "浙江省",
      "longitude": "120.857288",
      "latitude": "29.831217",
      "business_id": "102",
      "business_type": "加油站",
      "adress": "上虞区章镇笕桥村金谷加油站",
      "open_date": "1998-03-09",
      "employees": "3",
      "cumul_revenue": 0.0,
      "sale_amount": 0.0,
      "passenger_flow": 0.0,
      "passenger_price": 0.0,
      "loil_lng_annual_saleslow": 1458.0,
      "oiling_machine": 2.0,
      "oil_gun": 6.0,
      "refind_oil_annual_sales": 1186.0,
      "annual_sales_92": 395.0,
      "annual_sales_95": 258.0,
      "annual_sales_98": 0.0,
      "annual_sales_0": 533.0,
      "annual_pvenergy_output": 0.0,
      "pv_capacity": 0.0,
      "create_date": "2023-10-10 16:14:55",
      "rank": "1",
      "rank2": "1",
      "identifier": "",
      "newcompany_id": "4",
      "loil_lng_annual_sales": 0.15,
      "open_datenew": "1998年"
    },
    {
      "newoiling_machine": 6.0,
      "neweoil_gun": 28.0,
      "newemployees": 10.0,
      "newsale_amount": 0.0,
      "company_id": "10005885",
      "company_short_name": "高速石油",
      "company_name": "浙江高速石油发展有限公司",
      "introd_type": "门店简介",
      "shop_id": "32856245",
      "shop_name": "临建於潜北服务区北侧",
      "province": "浙江省",
      "longitude": "119.367214",
      "latitude": "30.242923",
      "business_id": "102",
      "business_type": "加油站",
      "adress": "浙江省杭州市临安区於潜镇百园村於潜服务区加油站",
      "open_date": "2023-01-01",
      "employees": "10",
      "cumul_revenue": 0.0,
      "sale_amount": 0.0,
      "passenger_flow": 0.0,
      "passenger_price": 0.0,
      "loil_lng_annual_saleslow": 0.0,
      "oiling_machine": 6.0,
      "oil_gun": 28.0,
      "refind_oil_annual_sales": 384.0,
      "annual_sales_92": 182.0,
      "annual_sales_95": 124.0,
      "annual_sales_98": 5.0,
      "annual_sales_0": 73.0,
      "annual_pvenergy_output": 0.0,
      "pv_capacity": 0.0,
      "create_date": "2023-10-10 16:14:58",
      "rank": "1",
      "rank2": "1",
      "identifier": "",
      "newcompany_id": "4",
      "loil_lng_annual_sales": 0.0,
      "open_datenew": "2023年"
    },
    {
      "newoiling_machine": 5.0,
      "neweoil_gun": 24.0,
      "newemployees": 10.0,
      "newsale_amount": 0.0,
      "company_id": "10005885",
      "company_short_name": "高速石油",
      "company_name": "浙江高速石油发展有限公司",
      "introd_type": "门店简介",
      "shop_id": "32856241",
      "shop_name": "临建於潜北服务区南侧",
      "province": "浙江省",
      "longitude": "119.367297",
      "latitude": "30.241215",
      "business_id": "102",
      "business_type": "加油站",
      "adress": "浙江省杭州市临安区於潜镇百园村於潜服务区加油站",
      "open_date": "2023-01-01",
      "employees": "10",
      "cumul_revenue": 0.0,
      "sale_amount": 0.0,
      "passenger_flow": 0.0,
      "passenger_price": 0.0,
      "loil_lng_annual_saleslow": 0.0,
      "oiling_machine": 5.0,
      "oil_gun": 24.0,
      "refind_oil_annual_sales": 496.0,
      "annual_sales_92": 229.0,
      "annual_sales_95": 168.0,
      "annual_sales_98": 8.0,
      "annual_sales_0": 91.0,
      "annual_pvenergy_output": 0.0,
      "pv_capacity": 0.0,
      "create_date": "2023-10-10 16:14:58",
      "rank": "1",
      "rank2": "1",
      "identifier": "",
      "newcompany_id": "4",
      "loil_lng_annual_sales": 0.0,
      "open_datenew": "2023年"
    },
    {
      "newoiling_machine": 4.0,
      "neweoil_gun": 16.0,
      "newemployees": 11.0,
      "newsale_amount": 0.0,
      "company_id": "10005885",
      "company_short_name": "高速石油",
      "company_name": "浙江高速石油发展有限公司",
      "introd_type": "门店简介",
      "shop_id": "32850956",
      "shop_name": "余姚历山加油站",
      "province": "浙江省",
      "longitude": "121.168954",
      "latitude": "30.174667",
      "business_id": "102",
      "business_type": "加油站",
      "adress": "余姚市低塘街道芦城村加油站",
      "open_date": "1990-07-01",
      "employees": "11",
      "cumul_revenue": 0.0,
      "sale_amount": 0.0,
      "passenger_flow": 0.0,
      "passenger_price": 0.0,
      "loil_lng_annual_saleslow": 8062.0,
      "oiling_machine": 4.0,
      "oil_gun": 16.0,
      "refind_oil_annual_sales": 6126.0,
      "annual_sales_92": 2582.0,
      "annual_sales_95": 1465.0,
      "annual_sales_98": 0.0,
      "annual_sales_0": 2079.0,
      "annual_pvenergy_output": 0.0,
      "pv_capacity": 0.0,
      "create_date": "2023-10-10 16:14:53",
      "rank": "1",
      "rank2": "1",
      "identifier": "",
      "newcompany_id": "4",
      "loil_lng_annual_sales": 0.81,
      "open_datenew": "1990年"
    },
    {
      "newoiling_machine": 4.0,
      "neweoil_gun": 16.0,
      "newemployees": 11.0,
      "newsale_amount": 0.0,
      "company_id": "10005885",
      "company_short_name": "高速石油",
      "company_name": "浙江高速石油发展有限公司",
      "introd_type": "门店简介",
      "shop_id": "32856220",
      "shop_name": "余姚牟山加油站",
      "province": "浙江省",
      "longitude": "120.99111",
      "latitude": "30.080413",
      "business_id": "102",
      "business_type": "加油站",
      "adress": "余姚市牟山镇牟山道口与余夫公路连接处南侧",
      "open_date": "2022-08-26",
      "employees": "11",
      "cumul_revenue": 0.0,
      "sale_amount": 0.0,
      "passenger_flow": 0.0,
      "passenger_price": 0.0,
      "loil_lng_annual_saleslow": 6904.0,
      "oiling_machine": 4.0,
      "oil_gun": 16.0,
      "refind_oil_annual_sales": 5305.0,
      "annual_sales_92": 2007.0,
      "annual_sales_95": 1135.0,
      "annual_sales_98": 0.0,
      "annual_sales_0": 2163.0,
      "annual_pvenergy_output": 0.0,
      "pv_capacity": 0.0,
      "create_date": "2023-10-10 16:14:53",
      "rank": "1",
      "rank2": "1",
      "identifier": "",
      "newcompany_id": "4",
      "loil_lng_annual_sales": 0.69,
      "open_datenew": "2022年"
    },
    {
      "newoiling_machine": 6.0,
      "neweoil_gun": 30.0,
      "newemployees": 11.0,
      "newsale_amount": 0.0,
      "company_id": "10005885",
      "company_short_name": "高速石油",
      "company_name": "浙江高速石油发展有限公司",
      "introd_type": "门店简介",
      "shop_id": "32851719",
      "shop_name": "余杭东宙加油站",
      "province": "浙江省",
      "longitude": "120.283341",
      "latitude": "30.370134",
      "business_id": "102",
      "business_type": "加油站",
      "adress": "杭州市余杭区乔司街道永西村太公村60号",
      "open_date": "1999-03-18",
      "employees": "11",
      "cumul_revenue": 0.0,
      "sale_amount": 0.0,
      "passenger_flow": 0.0,
      "passenger_price": 0.0,
      "loil_lng_annual_saleslow": 6003.0,
      "oiling_machine": 6.0,
      "oil_gun": 30.0,
      "refind_oil_annual_sales": 3696.0,
      "annual_sales_92": 1612.0,
      "annual_sales_95": 1152.0,
      "annual_sales_98": 27.0,
      "annual_sales_0": 905.0,
      "annual_pvenergy_output": 0.0,
      "pv_capacity": 0.0,
      "create_date": "2023-10-10 16:14:51",
      "rank": "1",
      "rank2": "1",
      "identifier": "",
      "newcompany_id": "4",
      "loil_lng_annual_sales": 0.6,
      "open_datenew": "1999年"
    },
    {
      "newoiling_machine": 6.0,
      "neweoil_gun": 30.0,
      "newemployees": 15.0,
      "newsale_amount": 0.0,
      "company_id": "10005885",
      "company_short_name": "高速石油",
      "company_name": "浙江高速石油发展有限公司",
      "introd_type": "门店简介",
      "shop_id": "32851720",
      "shop_name": "余杭大众加油站",
      "province": "浙江省",
      "longitude": "120.267404",
      "latitude": "30.390584",
      "business_id": "102",
      "business_type": "加油站",
      "adress": "杭州市余杭区星桥街道星源路258号",
      "open_date": "1999-11-01",
      "employees": "15",
      "cumul_revenue": 0.0,
      "sale_amount": 0.0,
      "passenger_flow": 0.0,
      "passenger_price": 0.0,
      "loil_lng_annual_saleslow": 8601.0,
      "oiling_machine": 6.0,
      "oil_gun": 30.0,
      "refind_oil_annual_sales": 7045.0,
      "annual_sales_92": 3138.0,
      "annual_sales_95": 2867.0,
      "annual_sales_98": 85.0,
      "annual_sales_0": 954.0,
      "annual_pvenergy_output": 0.0,
      "pv_capacity": 0.0,
      "create_date": "2023-10-10 16:14:51",
      "rank": "1",
      "rank2": "1",
      "identifier": "",
      "newcompany_id": "4",
      "loil_lng_annual_sales": 0.86,
      "open_datenew": "1999年"
    },
    {
      "newoiling_machine": 3.0,
      "neweoil_gun": 12.0,
      "newemployees": 15.0,
      "newsale_amount": 0.0,
      "company_id": "10005885",
      "company_short_name": "高速石油",
      "company_name": "浙江高速石油发展有限公司",
      "introd_type": "门店简介",
      "shop_id": "32851721",
      "shop_name": "余杭良渚加油站",
      "province": "浙江省",
      "longitude": "120.0362",
      "latitude": "30.373815",
      "business_id": "102",
      "business_type": "加油站",
      "adress": "杭州市余杭区良渚街道104国道文化村上面",
      "open_date": "2001-12-15",
      "employees": "15",
      "cumul_revenue": 0.0,
      "sale_amount": 0.0,
      "passenger_flow": 0.0,
      "passenger_price": 0.0,
      "loil_lng_annual_saleslow": 10666.0,
      "oiling_machine": 3.0,
      "oil_gun": 12.0,
      "refind_oil_annual_sales": 7355.0,
      "annual_sales_92": 2711.0,
      "annual_sales_95": 2715.0,
      "annual_sales_98": 0.0,
      "annual_sales_0": 1928.0,
      "annual_pvenergy_output": 0.0,
      "pv_capacity": 0.0,
      "create_date": "2023-10-10 16:14:51",
      "rank": "1",
      "rank2": "1",
      "identifier": "",
      "newcompany_id": "4",
      "loil_lng_annual_sales": 1.07,
      "open_datenew": "2001年"
    },
    {
      "newoiling_machine": 4.0,
      "neweoil_gun": 12.0,
      "newemployees": 5.0,
      "newsale_amount": 0.0,
      "company_id": "10005885",
      "company_short_name": "高速石油",
      "company_name": "浙江高速石油发展有限公司",
      "introd_type": "门店简介",
      "shop_id": "32851743",
      "shop_name": "奉化灵峰加油站",
      "province": "浙江省",
      "longitude": "121.416252",
      "latitude": "29.718869",
      "business_id": "102",
      "business_type": "加油站",
      "adress": "奉化市江口街道江宁路188号灵峰加油站",
      "open_date": "1998-11-18",
      "employees": "5",
      "cumul_revenue": 0.0,
      "sale_amount": 0.0,
      "passenger_flow": 0.0,
      "passenger_price": 0.0,
      "loil_lng_annual_saleslow": 4213.0,
      "oiling_machine": 4.0,
      "oil_gun": 12.0,
      "refind_oil_annual_sales": 3936.0,
      "annual_sales_92": 1648.0,
      "annual_sales_95": 803.0,
      "annual_sales_98": 0.0,
      "annual_sales_0": 1485.0,
      "annual_pvenergy_output": 0.0,
      "pv_capacity": 0.0,
      "create_date": "2023-10-10 16:14:53",
      "rank": "1",
      "rank2": "1",
      "identifier": "",
      "newcompany_id": "4",
      "loil_lng_annual_sales": 0.42,
      "open_datenew": "1998年"
    },
    {
      "newoiling_machine": 4.0,
      "neweoil_gun": 24.0,
      "newemployees": 16.0,
      "newsale_amount": 0.0,
      "company_id": "10005885",
      "company_short_name": "高速石油",
      "company_name": "浙江高速石油发展有限公司",
      "introd_type": "门店简介",
      "shop_id": "32851738",
      "shop_name": "宁波东亚加油站",
      "province": "浙江省",
      "longitude": "121.504812",
      "latitude": "29.839347",
      "business_id": "102",
      "business_type": "加油站",
      "adress": "宁波鄞州古林镇陈横楼村",
      "open_date": "1999-11-26",
      "employees": "16",
      "cumul_revenue": 0.0,
      "sale_amount": 0.0,
      "passenger_flow": 0.0,
      "passenger_price": 0.0,
      "loil_lng_annual_saleslow": 12993.0,
      "oiling_machine": 4.0,
      "oil_gun": 24.0,
      "refind_oil_annual_sales": 10353.0,
      "annual_sales_92": 4722.0,
      "annual_sales_95": 2679.0,
      "annual_sales_98": 101.0,
      "annual_sales_0": 2851.0,
      "annual_pvenergy_output": 0.0,
      "pv_capacity": 0.0,
      "create_date": "2023-10-10 16:14:53",
      "rank": "1",
      "rank2": "1",
      "identifier": "",
      "newcompany_id": "4",
      "loil_lng_annual_sales": 1.3,
      "open_datenew": "1999年"
    },
    {
      "newoiling_machine": 6.0,
      "neweoil_gun": 28.0,
      "newemployees": 10.0,
      "newsale_amount": 0.0,
      "company_id": "10005885",
      "company_short_name": "高速石油",
      "company_name": "浙江高速石油发展有限公司",
      "introd_type": "门店简介",
      "shop_id": "32855064",
      "shop_name": "宁波北外环加油站",
      "province": "浙江省",
      "longitude": "121.627119",
      "latitude": "29.946625",
      "business_id": "102",
      "business_type": "加油站",
      "adress": "宁波市镇海区庄市街道北外环528号",
      "open_date": "2011-12-17",
      "employees": "10",
      "cumul_revenue": 0.0,
      "sale_amount": 0.0,
      "passenger_flow": 0.0,
      "passenger_price": 0.0,
      "loil_lng_annual_saleslow": 6415.0,
      "oiling_machine": 6.0,
      "oil_gun": 28.0,
      "refind_oil_annual_sales": 5002.0,
      "annual_sales_92": 1632.0,
      "annual_sales_95": 1477.0,
      "annual_sales_98": 99.0,
      "annual_sales_0": 1794.0,
      "annual_pvenergy_output": 0.0,
      "pv_capacity": 0.0,
      "create_date": "2023-10-10 16:14:50",
      "rank": "1",
      "rank2": "1",
      "identifier": "",
      "newcompany_id": "4",
      "loil_lng_annual_sales": 0.64,
      "open_datenew": "2011年"
    },
    {
      "newoiling_machine": 4.0,
      "neweoil_gun": 16.0,
      "newemployees": 7.0,
      "newsale_amount": 0.0,
      "company_id": "10005885",
      "company_short_name": "高速石油",
      "company_name": "浙江高速石油发展有限公司",
      "introd_type": "门店简介",
      "shop_id": "32851737",
      "shop_name": "宁波石契加油站",
      "province": "浙江省",
      "longitude": "121.472739",
      "latitude": "29.800736",
      "business_id": "102",
      "business_type": "加油站",
      "adress": "宁波市鄞州区石碶街道车何渡村浙石加油站",
      "open_date": "1997-09-18",
      "employees": "7",
      "cumul_revenue": 0.0,
      "sale_amount": 0.0,
      "passenger_flow": 0.0,
      "passenger_price": 0.0,
      "loil_lng_annual_saleslow": 3332.0,
      "oiling_machine": 4.0,
      "oil_gun": 16.0,
      "refind_oil_annual_sales": 2463.0,
      "annual_sales_92": 1008.0,
      "annual_sales_95": 536.0,
      "annual_sales_98": 0.0,
      "annual_sales_0": 919.0,
      "annual_pvenergy_output": 0.0,
      "pv_capacity": 0.0,
      "create_date": "2023-10-10 16:14:53",
      "rank": "1",
      "rank2": "1",
      "identifier": "",
      "newcompany_id": "4",
      "loil_lng_annual_sales": 0.33,
      "open_datenew": "1997年"
    },
    {
      "newoiling_machine": 6.0,
      "neweoil_gun": 36.0,
      "newemployees": 14.0,
      "newsale_amount": 0.0,
      "company_id": "10005885",
      "company_short_name": "高速石油",
      "company_name": "浙江高速石油发展有限公司",
      "introd_type": "门店简介",
      "shop_id": "32851730",
      "shop_name": "富阳富力加油站",
      "province": "浙江省",
      "longitude": "119.916218",
      "latitude": "30.052982",
      "business_id": "102",
      "business_type": "加油站",
      "adress": "杭州市富阳区富阳镇秋丰村横凉亭路309附近",
      "open_date": "1998-01-01",
      "employees": "14",
      "cumul_revenue": 0.0,
      "sale_amount": 0.0,
      "passenger_flow": 0.0,
      "passenger_price": 0.0,
      "loil_lng_annual_saleslow": 7871.0,
      "oiling_machine": 6.0,
      "oil_gun": 36.0,
      "refind_oil_annual_sales": 5851.0,
      "annual_sales_92": 3109.0,
      "annual_sales_95": 1676.0,
      "annual_sales_98": 0.0,
      "annual_sales_0": 1066.0,
      "annual_pvenergy_output": 0.0,
      "pv_capacity": 0.0,
      "create_date": "2023-10-10 16:14:52",
      "rank": "1",
      "rank2": "1",
      "identifier": "",
      "newcompany_id": "4",
      "loil_lng_annual_sales": 0.79,
      "open_datenew": "1998年"
    },
    {
      "newoiling_machine": 6.0,
      "neweoil_gun": 20.0,
      "newemployees": 17.0,
      "newsale_amount": 0.0,
      "company_id": "10005885",
      "company_short_name": "高速石油",
      "company_name": "浙江高速石油发展有限公司",
      "introd_type": "门店简介",
      "shop_id": "32851729",
      "shop_name": "富阳高桥加油站",
      "province": "浙江省",
      "longitude": "119.951336",
      "latitude": "30.100504",
      "business_id": "102",
      "business_type": "加油站",
      "adress": "杭州市富阳区高富路32号",
      "open_date": "1998-05-30",
      "employees": "17",
      "cumul_revenue": 0.0,
      "sale_amount": 0.0,
      "passenger_flow": 0.0,
      "passenger_price": 0.0,
      "loil_lng_annual_saleslow": 12295.0,
      "oiling_machine": 6.0,
      "oil_gun": 20.0,
      "refind_oil_annual_sales": 8646.0,
      "annual_sales_92": 3973.0,
      "annual_sales_95": 3185.0,
      "annual_sales_98": 88.0,
      "annual_sales_0": 1399.0,
      "annual_pvenergy_output": 0.0,
      "pv_capacity": 0.0,
      "create_date": "2023-10-10 16:14:52",
      "rank": "1",
      "rank2": "1",
      "identifier": "",
      "newcompany_id": "4",
      "loil_lng_annual_sales": 1.23,
      "open_datenew": "1998年"
    },
    {
      "newoiling_machine": 4.0,
      "neweoil_gun": 12.0,
      "newemployees": 4.0,
      "newsale_amount": 0.0,
      "company_id": "10005885",
      "company_short_name": "高速石油",
      "company_name": "浙江高速石油发展有限公司",
      "introd_type": "门店简介",
      "shop_id": "32851762",
      "shop_name": "嵊州浦口加油站",
      "province": "浙江省",
      "longitude": "120.834042",
      "latitude": "29.657823",
      "business_id": "102",
      "business_type": "加油站",
      "adress": "嵊州市浦口街道嵊州大道浦口加油站",
      "open_date": "1998-01-20",
      "employees": "4",
      "cumul_revenue": 0.0,
      "sale_amount": 0.0,
      "passenger_flow": 0.0,
      "passenger_price": 0.0,
      "loil_lng_annual_saleslow": 1968.0,
      "oiling_machine": 4.0,
      "oil_gun": 12.0,
      "refind_oil_annual_sales": 1772.0,
      "annual_sales_92": 546.0,
      "annual_sales_95": 311.0,
      "annual_sales_98": 0.0,
      "annual_sales_0": 915.0,
      "annual_pvenergy_output": 0.0,
      "pv_capacity": 0.0,
      "create_date": "2023-10-10 16:14:55",
      "rank": "1",
      "rank2": "1",
      "identifier": "",
      "newcompany_id": "4",
      "loil_lng_annual_sales": 0.2,
      "open_datenew": "1998年"
    },
    {
      "newoiling_machine": 6.0,
      "neweoil_gun": 18.0,
      "newemployees": 13.0,
      "newsale_amount": 0.0,
      "company_id": "10005885",
      "company_short_name": "高速石油",
      "company_name": "浙江高速石油发展有限公司",
      "introd_type": "门店简介",
      "shop_id": "32851823",
      "shop_name": "慈溪风顺加油站",
      "province": "浙江省",
      "longitude": "121.543412",
      "latitude": "30.094365",
      "business_id": "102",
      "business_type": "加油站",
      "adress": "慈溪龙山镇龙头场村",
      "open_date": "2003-09-28",
      "employees": "13",
      "cumul_revenue": 0.0,
      "sale_amount": 0.0,
      "passenger_flow": 0.0,
      "passenger_price": 0.0,
      "loil_lng_annual_saleslow": 12269.0,
      "oiling_machine": 6.0,
      "oil_gun": 18.0,
      "refind_oil_annual_sales": 9097.0,
      "annual_sales_92": 2601.0,
      "annual_sales_95": 1339.0,
      "annual_sales_98": 70.0,
      "annual_sales_0": 5087.0,
      "annual_pvenergy_output": 0.0,
      "pv_capacity": 0.0,
      "create_date": "2023-10-10 16:14:53",
      "rank": "1",
      "rank2": "1",
      "identifier": "",
      "newcompany_id": "4",
      "loil_lng_annual_sales": 1.23,
      "open_datenew": "2003年"
    },
    {
      "newoiling_machine": 4.0,
      "neweoil_gun": 20.0,
      "newemployees": 8.0,
      "newsale_amount": 0.0,
      "company_id": "10005885",
      "company_short_name": "高速石油",
      "company_name": "浙江高速石油发展有限公司",
      "introd_type": "门店简介",
      "shop_id": "32856244",
      "shop_name": "文成（富岙）服务区北侧",
      "province": "浙江省",
      "longitude": "119.5847",
      "latitude": "27.481",
      "business_id": "102",
      "business_type": "加油站",
      "adress": "浙江省温州市文成县富康村文景高速公路富岙服务区加油站  ",
      "open_date": "2023-01-01",
      "employees": "8",
      "cumul_revenue": 0.0,
      "sale_amount": 0.0,
      "passenger_flow": 0.0,
      "passenger_price": 0.0,
      "loil_lng_annual_saleslow": 0.0,
      "oiling_machine": 4.0,
      "oil_gun": 20.0,
      "refind_oil_annual_sales": 657.0,
      "annual_sales_92": 314.0,
      "annual_sales_95": 191.0,
      "annual_sales_98": 0.0,
      "annual_sales_0": 151.0,
      "annual_pvenergy_output": 0.0,
      "pv_capacity": 0.0,
      "create_date": "2023-10-10 16:14:59",
      "rank": "1",
      "rank2": "1",
      "identifier": "",
      "newcompany_id": "4",
      "loil_lng_annual_sales": 0.0,
      "open_datenew": "2023年"
    },
    {
      "newoiling_machine": 4.0,
      "neweoil_gun": 20.0,
      "newemployees": 7.0,
      "newsale_amount": 0.0,
      "company_id": "10005885",
      "company_short_name": "高速石油",
      "company_name": "浙江高速石油发展有限公司",
      "introd_type": "门店简介",
      "shop_id": "32856239",
      "shop_name": "文成（富岙）服务区南侧",
      "province": "浙江省",
      "longitude": "119.5852",
      "latitude": "27.4755",
      "business_id": "102",
      "business_type": "加油站",
      "adress": "浙江省温州市文成县富康村文景高速公路富岙服务区加油站  ",
      "open_date": "2023-01-01",
      "employees": "7",
      "cumul_revenue": 0.0,
      "sale_amount": 0.0,
      "passenger_flow": 0.0,
      "passenger_price": 0.0,
      "loil_lng_annual_saleslow": 0.0,
      "oiling_machine": 4.0,
      "oil_gun": 20.0,
      "refind_oil_annual_sales": 453.0,
      "annual_sales_92": 221.0,
      "annual_sales_95": 145.0,
      "annual_sales_98": 0.0,
      "annual_sales_0": 87.0,
      "annual_pvenergy_output": 0.0,
      "pv_capacity": 0.0,
      "create_date": "2023-10-10 16:14:58",
      "rank": "1",
      "rank2": "1",
      "identifier": "",
      "newcompany_id": "4",
      "loil_lng_annual_sales": 0.0,
      "open_datenew": "2023年"
    },
    {
      "newoiling_machine": 4.0,
      "neweoil_gun": 20.0,
      "newemployees": 8.0,
      "newsale_amount": 0.0,
      "company_id": "10005885",
      "company_short_name": "高速石油",
      "company_name": "浙江高速石油发展有限公司",
      "introd_type": "门店简介",
      "shop_id": "32856242",
      "shop_name": "景宁服务区北侧",
      "province": "浙江省",
      "longitude": "119.3756",
      "latitude": "27.5329",
      "business_id": "102",
      "business_type": "加油站",
      "adress": "浙江省丽水市景宁县澄照乡张后山村文景高速公路景宁服务区加油站  ",
      "open_date": "2023-01-01",
      "employees": "8",
      "cumul_revenue": 0.0,
      "sale_amount": 0.0,
      "passenger_flow": 0.0,
      "passenger_price": 0.0,
      "loil_lng_annual_saleslow": 0.0,
      "oiling_machine": 4.0,
      "oil_gun": 20.0,
      "refind_oil_annual_sales": 819.0,
      "annual_sales_92": 384.0,
      "annual_sales_95": 232.0,
      "annual_sales_98": 0.0,
      "annual_sales_0": 203.0,
      "annual_pvenergy_output": 0.0,
      "pv_capacity": 0.0,
      "create_date": "2023-10-10 16:14:59",
      "rank": "1",
      "rank2": "1",
      "identifier": "",
      "newcompany_id": "4",
      "loil_lng_annual_sales": 0.0,
      "open_datenew": "2023年"
    },
    {
      "newoiling_machine": 4.0,
      "neweoil_gun": 20.0,
      "newemployees": 7.0,
      "newsale_amount": 0.0,
      "company_id": "10005885",
      "company_short_name": "高速石油",
      "company_name": "浙江高速石油发展有限公司",
      "introd_type": "门店简介",
      "shop_id": "32856243",
      "shop_name": "景宁服务区南侧",
      "province": "浙江省",
      "longitude": "119.3813",
      "latitude": "27.5311",
      "business_id": "102",
      "business_type": "加油站",
      "adress": "浙江省丽水市景宁县澄照乡张后山村文景高速公路景宁服务区加油站  ",
      "open_date": "2023-01-01",
      "employees": "7",
      "cumul_revenue": 0.0,
      "sale_amount": 0.0,
      "passenger_flow": 0.0,
      "passenger_price": 0.0,
      "loil_lng_annual_saleslow": 0.0,
      "oiling_machine": 4.0,
      "oil_gun": 20.0,
      "refind_oil_annual_sales": 801.0,
      "annual_sales_92": 347.0,
      "annual_sales_95": 220.0,
      "annual_sales_98": 0.0,
      "annual_sales_0": 234.0,
      "annual_pvenergy_output": 0.0,
      "pv_capacity": 0.0,
      "create_date": "2023-10-10 16:14:59",
      "rank": "1",
      "rank2": "1",
      "identifier": "",
      "newcompany_id": "4",
      "loil_lng_annual_sales": 0.0,
      "open_datenew": "2023年"
    },
    {
      "newoiling_machine": 6.0,
      "neweoil_gun": 28.0,
      "newemployees": 12.0,
      "newsale_amount": 0.0,
      "company_id": "10005885",
      "company_short_name": "高速石油",
      "company_name": "浙江高速石油发展有限公司",
      "introd_type": "门店简介",
      "shop_id": "32851716",
      "shop_name": "杭州万骋加油站",
      "province": "浙江省",
      "longitude": "120.20024",
      "latitude": "30.317511",
      "business_id": "102",
      "business_type": "加油站",
      "adress": "杭州石桥路48号",
      "open_date": "1994-02-24",
      "employees": "12",
      "cumul_revenue": 0.0,
      "sale_amount": 0.0,
      "passenger_flow": 0.0,
      "passenger_price": 0.0,
      "loil_lng_annual_saleslow": 6089.0,
      "oiling_machine": 6.0,
      "oil_gun": 28.0,
      "refind_oil_annual_sales": 4151.0,
      "annual_sales_92": 1758.0,
      "annual_sales_95": 1282.0,
      "annual_sales_98": 0.0,
      "annual_sales_0": 1112.0,
      "annual_pvenergy_output": 0.0,
      "pv_capacity": 0.0,
      "create_date": "2023-10-10 16:14:51",
      "rank": "1",
      "rank2": "1",
      "identifier": "",
      "newcompany_id": "4",
      "loil_lng_annual_sales": 0.61,
      "open_datenew": "1994年"
    },
    {
      "newoiling_machine": 6.0,
      "neweoil_gun": 28.0,
      "newemployees": 18.0,
      "newsale_amount": 0.0,
      "company_id": "10005885",
      "company_short_name": "高速石油",
      "company_name": "浙江高速石油发展有限公司",
      "introd_type": "门店简介",
      "shop_id": "32851717",
      "shop_name": "杭州下沙加油站",
      "province": "浙江省",
      "longitude": "120.356033",
      "latitude": "30.291968",
      "business_id": "102",
      "business_type": "加油站",
      "adress": "杭州市钱塘区11号大街26号",
      "open_date": "2001-12-05",
      "employees": "18",
      "cumul_revenue": 0.0,
      "sale_amount": 0.0,
      "passenger_flow": 0.0,
      "passenger_price": 0.0,
      "loil_lng_annual_saleslow": 18333.0,
      "oiling_machine": 6.0,
      "oil_gun": 28.0,
      "refind_oil_annual_sales": 13823.0,
      "annual_sales_92": 3220.0,
      "annual_sales_95": 2909.0,
      "annual_sales_98": 118.0,
      "annual_sales_0": 7576.0,
      "annual_pvenergy_output": 0.0,
      "pv_capacity": 0.0,
      "create_date": "2023-10-10 16:14:51",
      "rank": "1",
      "rank2": "1",
      "identifier": "",
      "newcompany_id": "4",
      "loil_lng_annual_sales": 1.83,
      "open_datenew": "2001年"
    },
    {
      "newoiling_machine": 4.0,
      "neweoil_gun": 24.0,
      "newemployees": 14.0,
      "newsale_amount": 0.0,
      "company_id": "10005885",
      "company_short_name": "高速石油",
      "company_name": "浙江高速石油发展有限公司",
      "introd_type": "门店简介",
      "shop_id": "32856223",
      "shop_name": "杭州东新加油站",
      "province": "浙江省",
      "longitude": "120.182026",
      "latitude": "30.316899",
      "business_id": "102",
      "business_type": "加油站",
      "adress": "杭州市下城区东新路580号",
      "open_date": "2022-08-26",
      "employees": "14",
      "cumul_revenue": 0.0,
      "sale_amount": 0.0,
      "passenger_flow": 0.0,
      "passenger_price": 0.0,
      "loil_lng_annual_saleslow": 7109.0,
      "oiling_machine": 4.0,
      "oil_gun": 24.0,
      "refind_oil_annual_sales": 5323.0,
      "annual_sales_92": 1826.0,
      "annual_sales_95": 2870.0,
      "annual_sales_98": 156.0,
      "annual_sales_0": 471.0,
      "annual_pvenergy_output": 0.0,
      "pv_capacity": 0.0,
      "create_date": "2023-10-10 16:14:51",
      "rank": "1",
      "rank2": "1",
      "identifier": "",
      "newcompany_id": "4",
      "loil_lng_annual_sales": 0.71,
      "open_datenew": "2022年"
    },
    {
      "newoiling_machine": 6.0,
      "neweoil_gun": 30.0,
      "newemployees": 16.0,
      "newsale_amount": 0.0,
      "company_id": "10005885",
      "company_short_name": "高速石油",
      "company_name": "浙江高速石油发展有限公司",
      "introd_type": "门店简介",
      "shop_id": "32851718",
      "shop_name": "杭州北郊加油站",
      "province": "浙江省",
      "longitude": "120.206676",
      "latitude": "30.399725",
      "business_id": "102",
      "business_type": "加油站",
      "adress": "杭州市拱墅区半山互通沈家浜附近",
      "open_date": "1999-11-10",
      "employees": "16",
      "cumul_revenue": 0.0,
      "sale_amount": 0.0,
      "passenger_flow": 0.0,
      "passenger_price": 0.0,
      "loil_lng_annual_saleslow": 12770.0,
      "oiling_machine": 6.0,
      "oil_gun": 30.0,
      "refind_oil_annual_sales": 10546.0,
      "annual_sales_92": 3894.0,
      "annual_sales_95": 2240.0,
      "annual_sales_98": 0.0,
      "annual_sales_0": 4413.0,
      "annual_pvenergy_output": 0.0,
      "pv_capacity": 0.0,
      "create_date": "2023-10-10 16:14:51",
      "rank": "1",
      "rank2": "1",
      "identifier": "",
      "newcompany_id": "4",
      "loil_lng_annual_sales": 1.28,
      "open_datenew": "1999年"
    },
    {
      "newoiling_machine": 6.0,
      "neweoil_gun": 24.0,
      "newemployees": 11.0,
      "newsale_amount": 0.0,
      "company_id": "10005885",
      "company_short_name": "高速石油",
      "company_name": "浙江高速石油发展有限公司",
      "introd_type": "门店简介",
      "shop_id": "32852808",
      "shop_name": "杭州吉鸿加油站",
      "province": "浙江省",
      "longitude": "120.08819",
      "latitude": "30.344336",
      "business_id": "102",
      "business_type": "加油站",
      "adress": "金渡北路与通济路交界",
      "open_date": "2009-06-07",
      "employees": "11",
      "cumul_revenue": 0.0,
      "sale_amount": 0.0,
      "passenger_flow": 0.0,
      "passenger_price": 0.0,
      "loil_lng_annual_saleslow": 6865.0,
      "oiling_machine": 6.0,
      "oil_gun": 24.0,
      "refind_oil_annual_sales": 5458.0,
      "annual_sales_92": 1838.0,
      "annual_sales_95": 3058.0,
      "annual_sales_98": 118.0,
      "annual_sales_0": 444.0,
      "annual_pvenergy_output": 0.0,
      "pv_capacity": 0.0,
      "create_date": "2023-10-10 16:14:55",
      "rank": "1",
      "rank2": "1",
      "identifier": "",
      "newcompany_id": "4",
      "loil_lng_annual_sales": 0.69,
      "open_datenew": "2009年"
    },
    {
      "newoiling_machine": 5.0,
      "neweoil_gun": 20.0,
      "newemployees": 20.0,
      "newsale_amount": 0.0,
      "company_id": "10005885",
      "company_short_name": "高速石油",
      "company_name": "浙江高速石油发展有限公司",
      "introd_type": "门店简介",
      "shop_id": "32851712",
      "shop_name": "杭州复兴加油站",
      "province": "浙江省",
      "longitude": "120.17507",
      "latitude": "30.21825",
      "business_id": "102",
      "business_type": "加油站",
      "adress": "杭州市上城区复兴路151号",
      "open_date": "2000-08-01",
      "employees": "20",
      "cumul_revenue": 0.0,
      "sale_amount": 0.0,
      "passenger_flow": 0.0,
      "passenger_price": 0.0,
      "loil_lng_annual_saleslow": 17251.0,
      "oiling_machine": 5.0,
      "oil_gun": 20.0,
      "refind_oil_annual_sales": 12021.0,
      "annual_sales_92": 4452.0,
      "annual_sales_95": 7570.0,
      "annual_sales_98": 0.0,
      "annual_sales_0": 0.0,
      "annual_pvenergy_output": 0.0,
      "pv_capacity": 0.0,
      "create_date": "2023-10-10 16:14:51",
      "rank": "1",
      "rank2": "1",
      "identifier": "",
      "newcompany_id": "4",
      "loil_lng_annual_sales": 1.73,
      "open_datenew": "2000年"
    },
    {
      "newoiling_machine": 7.0,
      "neweoil_gun": 26.0,
      "newemployees": 18.0,
      "newsale_amount": 0.0,
      "company_id": "10005885",
      "company_short_name": "高速石油",
      "company_name": "浙江高速石油发展有限公司",
      "introd_type": "门店简介",
      "shop_id": "32851715",
      "shop_name": "杭州笕桥加油站",
      "province": "浙江省",
      "longitude": "120.20425",
      "latitude": "30.298661",
      "business_id": "102",
      "business_type": "加油站",
      "adress": "杭州石桥路6号",
      "open_date": "1998-09-01",
      "employees": "18",
      "cumul_revenue": 0.0,
      "sale_amount": 0.0,
      "passenger_flow": 0.0,
      "passenger_price": 0.0,
      "loil_lng_annual_saleslow": 14097.0,
      "oiling_machine": 7.0,
      "oil_gun": 26.0,
      "refind_oil_annual_sales": 9602.0,
      "annual_sales_92": 3682.0,
      "annual_sales_95": 4889.0,
      "annual_sales_98": 0.0,
      "annual_sales_0": 1031.0,
      "annual_pvenergy_output": 0.0,
      "pv_capacity": 0.0,
      "create_date": "2023-10-10 16:14:51",
      "rank": "1",
      "rank2": "1",
      "identifier": "",
      "newcompany_id": "4",
      "loil_lng_annual_sales": 1.41,
      "open_datenew": "1998年"
    },
    {
      "newoiling_machine": 6.0,
      "neweoil_gun": 24.0,
      "newemployees": 14.0,
      "newsale_amount": 0.0,
      "company_id": "10005885",
      "company_short_name": "高速石油",
      "company_name": "浙江高速石油发展有限公司",
      "introd_type": "门店简介",
      "shop_id": "32852821",
      "shop_name": "杭州衢州路加油站",
      "province": "浙江省",
      "longitude": "120.13776",
      "latitude": "30.332717",
      "business_id": "102",
      "business_type": "加油站",
      "adress": "杭州市衢州路郭家库村",
      "open_date": "2009-09-04",
      "employees": "14",
      "cumul_revenue": 0.0,
      "sale_amount": 0.0,
      "passenger_flow": 0.0,
      "passenger_price": 0.0,
      "loil_lng_annual_saleslow": 11258.0,
      "oiling_machine": 6.0,
      "oil_gun": 24.0,
      "refind_oil_annual_sales": 7981.0,
      "annual_sales_92": 2113.0,
      "annual_sales_95": 4930.0,
      "annual_sales_98": 317.0,
      "annual_sales_0": 621.0,
      "annual_pvenergy_output": 0.0,
      "pv_capacity": 0.0,
      "create_date": "2023-10-10 16:14:55",
      "rank": "1",
      "rank2": "1",
      "identifier": "",
      "newcompany_id": "4",
      "loil_lng_annual_sales": 1.13,
      "open_datenew": "2009年"
    },
    {
      "newoiling_machine": 4.0,
      "neweoil_gun": 20.0,
      "newemployees": 10.0,
      "newsale_amount": 0.0,
      "company_id": "10005885",
      "company_short_name": "高速石油",
      "company_name": "浙江高速石油发展有限公司",
      "introd_type": "门店简介",
      "shop_id": "32856084",
      "shop_name": "杭州金家岭加油站",
      "province": "浙江省",
      "longitude": "120.022",
      "latitude": "30.146",
      "business_id": "102",
      "business_type": "加油站",
      "adress": "杭州市西湖区转塘街道金家岭村172号-1",
      "open_date": "2021-06-07",
      "employees": "10",
      "cumul_revenue": 0.0,
      "sale_amount": 0.0,
      "passenger_flow": 0.0,
      "passenger_price": 0.0,
      "loil_lng_annual_saleslow": 5982.0,
      "oiling_machine": 4.0,
      "oil_gun": 20.0,
      "refind_oil_annual_sales": 5090.0,
      "annual_sales_92": 1058.0,
      "annual_sales_95": 1223.0,
      "annual_sales_98": 50.0,
      "annual_sales_0": 2759.0,
      "annual_pvenergy_output": 0.0,
      "pv_capacity": 0.0,
      "create_date": "2023-10-10 16:14:56",
      "rank": "1",
      "rank2": "1",
      "identifier": "",
      "newcompany_id": "4",
      "loil_lng_annual_sales": 0.6,
      "open_datenew": "2021年"
    },
    {
      "newoiling_machine": 3.0,
      "neweoil_gun": 10.0,
      "newemployees": 8.0,
      "newsale_amount": 0.0,
      "company_id": "10005885",
      "company_short_name": "高速石油",
      "company_name": "浙江高速石油发展有限公司",
      "introd_type": "门店简介",
      "shop_id": "32851732",
      "shop_name": "桐庐前村一加油站",
      "province": "浙江省",
      "longitude": "119.780183",
      "latitude": "29.859621",
      "business_id": "102",
      "business_type": "加油站",
      "adress": "杭州市桐庐县320国道富桐段桐庐窄溪镇前村东家脚",
      "open_date": "1998-09-01",
      "employees": "8",
      "cumul_revenue": 0.0,
      "sale_amount": 0.0,
      "passenger_flow": 0.0,
      "passenger_price": 0.0,
      "loil_lng_annual_saleslow": 5094.0,
      "oiling_machine": 3.0,
      "oil_gun": 10.0,
      "refind_oil_annual_sales": 3543.0,
      "annual_sales_92": 1424.0,
      "annual_sales_95": 834.0,
      "annual_sales_98": 0.0,
      "annual_sales_0": 1285.0,
      "annual_pvenergy_output": 0.0,
      "pv_capacity": 0.0,
      "create_date": "2023-10-10 16:14:52",
      "rank": "1",
      "rank2": "1",
      "identifier": "",
      "newcompany_id": "4",
      "loil_lng_annual_sales": 0.51,
      "open_datenew": "1998年"
    },
    {
      "newoiling_machine": 3.0,
      "neweoil_gun": 10.0,
      "newemployees": 7.0,
      "newsale_amount": 0.0,
      "company_id": "10005885",
      "company_short_name": "高速石油",
      "company_name": "浙江高速石油发展有限公司",
      "introd_type": "门店简介",
      "shop_id": "32851733",
      "shop_name": "桐庐前村二加油站",
      "province": "浙江省",
      "longitude": "119.7811",
      "latitude": "29.859391",
      "business_id": "102",
      "business_type": "加油站",
      "adress": "杭州市桐庐县320国道富桐段桐庐窄溪镇前村东家脚",
      "open_date": "1998-09-01",
      "employees": "7",
      "cumul_revenue": 0.0,
      "sale_amount": 0.0,
      "passenger_flow": 0.0,
      "passenger_price": 0.0,
      "loil_lng_annual_saleslow": 3531.0,
      "oiling_machine": 3.0,
      "oil_gun": 10.0,
      "refind_oil_annual_sales": 2663.0,
      "annual_sales_92": 1034.0,
      "annual_sales_95": 613.0,
      "annual_sales_98": 0.0,
      "annual_sales_0": 1015.0,
      "annual_pvenergy_output": 0.0,
      "pv_capacity": 0.0,
      "create_date": "2023-10-10 16:14:52",
      "rank": "1",
      "rank2": "1",
      "identifier": "",
      "newcompany_id": "4",
      "loil_lng_annual_sales": 0.35,
      "open_datenew": "1998年"
    },
    {
      "newoiling_machine": 4.0,
      "neweoil_gun": 18.0,
      "newemployees": 15.0,
      "newsale_amount": 0.0,
      "company_id": "10005885",
      "company_short_name": "高速石油",
      "company_name": "浙江高速石油发展有限公司",
      "introd_type": "门店简介",
      "shop_id": "32851778",
      "shop_name": "浦江长虹加油站",
      "province": "浙江省",
      "longitude": "119.909584",
      "latitude": "29.452918",
      "business_id": "102",
      "business_type": "加油站",
      "adress": "金华市浦江县浦阳镇江滨东路51号",
      "open_date": "2001-07-01",
      "employees": "15",
      "cumul_revenue": 0.0,
      "sale_amount": 0.0,
      "passenger_flow": 0.0,
      "passenger_price": 0.0,
      "loil_lng_annual_saleslow": 6887.0,
      "oiling_machine": 4.0,
      "oil_gun": 18.0,
      "refind_oil_annual_sales": 6009.0,
      "annual_sales_92": 3195.0,
      "annual_sales_95": 2432.0,
      "annual_sales_98": 104.0,
      "annual_sales_0": 278.0,
      "annual_pvenergy_output": 0.0,
      "pv_capacity": 0.0,
      "create_date": "2023-10-10 16:14:55",
      "rank": "1",
      "rank2": "1",
      "identifier": "",
      "newcompany_id": "4",
      "loil_lng_annual_sales": 0.69,
      "open_datenew": "2001年"
    },
    {
      "newoiling_machine": 9.0,
      "neweoil_gun": 48.0,
      "newemployees": 30.0,
      "newsale_amount": 0.0,
      "company_id": "10005885",
      "company_short_name": "高速石油",
      "company_name": "浙江高速石油发展有限公司",
      "introd_type": "门店简介",
      "shop_id": "32852336",
      "shop_name": "滨江星民加油站",
      "province": "浙江省",
      "longitude": "120.231543",
      "latitude": "30.219157",
      "business_id": "102",
      "business_type": "加油站",
      "adress": "滨江西兴街道星民村江南大道35",
      "open_date": "2005-03-23",
      "employees": "30",
      "cumul_revenue": 0.0,
      "sale_amount": 0.0,
      "passenger_flow": 0.0,
      "passenger_price": 0.0,
      "loil_lng_annual_saleslow": 25286.0,
      "oiling_machine": 9.0,
      "oil_gun": 48.0,
      "refind_oil_annual_sales": 20202.0,
      "annual_sales_92": 5423.0,
      "annual_sales_95": 12592.0,
      "annual_sales_98": 1049.0,
      "annual_sales_0": 1139.0,
      "annual_pvenergy_output": 0.0,
      "pv_capacity": 0.0,
      "create_date": "2023-10-10 16:14:53",
      "rank": "1",
      "rank2": "1",
      "identifier": "",
      "newcompany_id": "4",
      "loil_lng_annual_sales": 2.53,
      "open_datenew": "2005年"
    },
    {
      "newoiling_machine": 7.0,
      "neweoil_gun": 40.0,
      "newemployees": 20.0,
      "newsale_amount": 0.0,
      "company_id": "10005885",
      "company_short_name": "高速石油",
      "company_name": "浙江高速石油发展有限公司",
      "introd_type": "门店简介",
      "shop_id": "32851751",
      "shop_name": "绍兴城北加油站",
      "province": "浙江省",
      "longitude": "120.511339",
      "latitude": "30.104452",
      "business_id": "102",
      "business_type": "加油站",
      "adress": "绍兴市柯桥区金柯桥大道与纺都路交汇处",
      "open_date": "2006-06-23",
      "employees": "20",
      "cumul_revenue": 0.0,
      "sale_amount": 0.0,
      "passenger_flow": 0.0,
      "passenger_price": 0.0,
      "loil_lng_annual_saleslow": 18743.0,
      "oiling_machine": 7.0,
      "oil_gun": 40.0,
      "refind_oil_annual_sales": 14191.0,
      "annual_sales_92": 5489.0,
      "annual_sales_95": 7398.0,
      "annual_sales_98": 640.0,
      "annual_sales_0": 663.0,
      "annual_pvenergy_output": 0.0,
      "pv_capacity": 0.0,
      "create_date": "2023-10-10 16:14:54",
      "rank": "1",
      "rank2": "1",
      "identifier": "",
      "newcompany_id": "4",
      "loil_lng_annual_sales": 1.87,
      "open_datenew": "2006年"
    },
    {
      "newoiling_machine": 6.0,
      "neweoil_gun": 20.0,
      "newemployees": 14.0,
      "newsale_amount": 0.0,
      "company_id": "10005885",
      "company_short_name": "高速石油",
      "company_name": "浙江高速石油发展有限公司",
      "introd_type": "门店简介",
      "shop_id": "32851753",
      "shop_name": "绍兴振昌加油站",
      "province": "浙江省",
      "longitude": "120.459267",
      "latitude": "30.051917",
      "business_id": "102",
      "business_type": "加油站",
      "adress": "绍兴市柯桥区柯岩街道埠头村加油站",
      "open_date": "2000-07-19",
      "employees": "14",
      "cumul_revenue": 0.0,
      "sale_amount": 0.0,
      "passenger_flow": 0.0,
      "passenger_price": 0.0,
      "loil_lng_annual_saleslow": 10718.0,
      "oiling_machine": 6.0,
      "oil_gun": 20.0,
      "refind_oil_annual_sales": 9204.0,
      "annual_sales_92": 3555.0,
      "annual_sales_95": 2437.0,
      "annual_sales_98": 165.0,
      "annual_sales_0": 3047.0,
      "annual_pvenergy_output": 0.0,
      "pv_capacity": 0.0,
      "create_date": "2023-10-10 16:14:54",
      "rank": "1",
      "rank2": "1",
      "identifier": "",
      "newcompany_id": "4",
      "loil_lng_annual_sales": 1.07,
      "open_datenew": "2000年"
    },
    {
      "newoiling_machine": 4.0,
      "neweoil_gun": 24.0,
      "newemployees": 17.0,
      "newsale_amount": 0.0,
      "company_id": "10005885",
      "company_short_name": "高速石油",
      "company_name": "浙江高速石油发展有限公司",
      "introd_type": "门店简介",
      "shop_id": "32851750",
      "shop_name": "绍兴柯桥加油站",
      "province": "浙江省",
      "longitude": "120.473397",
      "latitude": "30.079075",
      "business_id": "102",
      "business_type": "加油站",
      "adress": "绍兴柯岩街道红旗村",
      "open_date": "2000-04-28",
      "employees": "17",
      "cumul_revenue": 0.0,
      "sale_amount": 0.0,
      "passenger_flow": 0.0,
      "passenger_price": 0.0,
      "loil_lng_annual_saleslow": 17058.0,
      "oiling_machine": 4.0,
      "oil_gun": 24.0,
      "refind_oil_annual_sales": 12473.0,
      "annual_sales_92": 5371.0,
      "annual_sales_95": 5497.0,
      "annual_sales_98": 346.0,
      "annual_sales_0": 1259.0,
      "annual_pvenergy_output": 0.0,
      "pv_capacity": 0.0,
      "create_date": "2023-10-10 16:14:54",
      "rank": "1",
      "rank2": "1",
      "identifier": "",
      "newcompany_id": "4",
      "loil_lng_annual_sales": 1.71,
      "open_datenew": "2000年"
    },
    {
      "newoiling_machine": 4.0,
      "neweoil_gun": 12.0,
      "newemployees": 4.0,
      "newsale_amount": 0.0,
      "company_id": "10005885",
      "company_short_name": "高速石油",
      "company_name": "浙江高速石油发展有限公司",
      "introd_type": "门店简介",
      "shop_id": "32851754",
      "shop_name": "绍兴皋埠加油站",
      "province": "浙江省",
      "longitude": "120.701764",
      "latitude": "30.018451",
      "business_id": "102",
      "business_type": "加油站",
      "adress": "绍兴市越城区皋埠镇正平村",
      "open_date": "1999-01-12",
      "employees": "4",
      "cumul_revenue": 0.0,
      "sale_amount": 0.0,
      "passenger_flow": 0.0,
      "passenger_price": 0.0,
      "loil_lng_annual_saleslow": 2206.0,
      "oiling_machine": 4.0,
      "oil_gun": 12.0,
      "refind_oil_annual_sales": 1735.0,
      "annual_sales_92": 694.0,
      "annual_sales_95": 368.0,
      "annual_sales_98": 0.0,
      "annual_sales_0": 673.0,
      "annual_pvenergy_output": 0.0,
      "pv_capacity": 0.0,
      "create_date": "2023-10-10 16:14:54",
      "rank": "1",
      "rank2": "1",
      "identifier": "",
      "newcompany_id": "4",
      "loil_lng_annual_sales": 0.22,
      "open_datenew": "1999年"
    },
    {
      "newoiling_machine": 6.0,
      "neweoil_gun": 36.0,
      "newemployees": 13.0,
      "newsale_amount": 0.0,
      "company_id": "10005885",
      "company_short_name": "高速石油",
      "company_name": "浙江高速石油发展有限公司",
      "introd_type": "门店简介",
      "shop_id": "32851752",
      "shop_name": "绍兴高桥加油站",
      "province": "浙江省",
      "longitude": "120.550984",
      "latitude": "30.074318",
      "business_id": "102",
      "business_type": "加油站",
      "adress": "东浦街道绿云中路301号（绿云路与群贤路交叉口）",
      "open_date": "1999-02-01",
      "employees": "13",
      "cumul_revenue": 0.0,
      "sale_amount": 0.0,
      "passenger_flow": 0.0,
      "passenger_price": 0.0,
      "loil_lng_annual_saleslow": 6357.0,
      "oiling_machine": 6.0,
      "oil_gun": 36.0,
      "refind_oil_annual_sales": 3600.0,
      "annual_sales_92": 1170.0,
      "annual_sales_95": 897.0,
      "annual_sales_98": 33.0,
      "annual_sales_0": 1500.0,
      "annual_pvenergy_output": 0.0,
      "pv_capacity": 0.0,
      "create_date": "2023-10-10 16:14:54",
      "rank": "1",
      "rank2": "1",
      "identifier": "",
      "newcompany_id": "4",
      "loil_lng_annual_sales": 0.64,
      "open_datenew": "1999年"
    },
    {
      "newoiling_machine": 6.0,
      "neweoil_gun": 32.0,
      "newemployees": 15.0,
      "newsale_amount": 0.0,
      "company_id": "10005885",
      "company_short_name": "高速石油",
      "company_name": "浙江高速石油发展有限公司",
      "introd_type": "门店简介",
      "shop_id": "32850939",
      "shop_name": "绍兴高速加油站",
      "province": "浙江省",
      "longitude": "120.612244",
      "latitude": "30.097902",
      "business_id": "102",
      "business_type": "加油站",
      "adress": "绍兴斗门镇杨望村绍三线旁西湖头",
      "open_date": "1998-07-01",
      "employees": "15",
      "cumul_revenue": 0.0,
      "sale_amount": 0.0,
      "passenger_flow": 0.0,
      "passenger_price": 0.0,
      "loil_lng_annual_saleslow": 15571.0,
      "oiling_machine": 6.0,
      "oil_gun": 32.0,
      "refind_oil_annual_sales": 12414.0,
      "annual_sales_92": 5666.0,
      "annual_sales_95": 3624.0,
      "annual_sales_98": 131.0,
      "annual_sales_0": 2993.0,
      "annual_pvenergy_output": 0.0,
      "pv_capacity": 0.0,
      "create_date": "2023-10-10 16:14:54",
      "rank": "1",
      "rank2": "1",
      "identifier": "",
      "newcompany_id": "4",
      "loil_lng_annual_sales": 1.56,
      "open_datenew": "1998年"
    },
    {
      "newoiling_machine": 4.0,
      "neweoil_gun": 24.0,
      "newemployees": 7.0,
      "newsale_amount": 0.0,
      "company_id": "10005885",
      "company_short_name": "高速石油",
      "company_name": "浙江高速石油发展有限公司",
      "introd_type": "门店简介",
      "shop_id": "32855692",
      "shop_name": "芦浦停车区(上)加油站",
      "province": "浙江省",
      "longitude": "121.227337",
      "latitude": "28.196752",
      "business_id": "102",
      "business_type": "加油站",
      "adress": "玉环市芦蒲镇分水村沿海高速芦浦服务区加油站",
      "open_date": "2018-09-28",
      "employees": "7",
      "cumul_revenue": 0.0,
      "sale_amount": 0.0,
      "passenger_flow": 0.0,
      "passenger_price": 0.0,
      "loil_lng_annual_saleslow": 2640.0,
      "oiling_machine": 4.0,
      "oil_gun": 24.0,
      "refind_oil_annual_sales": 2214.0,
      "annual_sales_92": 571.0,
      "annual_sales_95": 494.0,
      "annual_sales_98": 25.0,
      "annual_sales_0": 1123.0,
      "annual_pvenergy_output": 0.0,
      "pv_capacity": 0.0,
      "create_date": "2023-10-10 16:14:50",
      "rank": "1",
      "rank2": "1",
      "identifier": "",
      "newcompany_id": "4",
      "loil_lng_annual_sales": 0.26,
      "open_datenew": "2018年"
    },
    {
      "newoiling_machine": 4.0,
      "neweoil_gun": 24.0,
      "newemployees": 7.0,
      "newsale_amount": 0.0,
      "company_id": "10005885",
      "company_short_name": "高速石油",
      "company_name": "浙江高速石油发展有限公司",
      "introd_type": "门店简介",
      "shop_id": "32855691",
      "shop_name": "芦浦停车区(下)加油站",
      "province": "浙江省",
      "longitude": "121.228757",
      "latitude": "28.197322",
      "business_id": "102",
      "business_type": "加油站",
      "adress": "玉环市芦蒲镇分水村沿海高速芦浦服务区加油站",
      "open_date": "2018-09-28",
      "employees": "7",
      "cumul_revenue": 0.0,
      "sale_amount": 0.0,
      "passenger_flow": 0.0,
      "passenger_price": 0.0,
      "loil_lng_annual_saleslow": 3898.0,
      "oiling_machine": 4.0,
      "oil_gun": 24.0,
      "refind_oil_annual_sales": 3083.0,
      "annual_sales_92": 727.0,
      "annual_sales_95": 638.0,
      "annual_sales_98": 32.0,
      "annual_sales_0": 1686.0,
      "annual_pvenergy_output": 0.0,
      "pv_capacity": 0.0,
      "create_date": "2023-10-10 16:14:50",
      "rank": "1",
      "rank2": "1",
      "identifier": "",
      "newcompany_id": "4",
      "loil_lng_annual_sales": 0.39,
      "open_datenew": "2018年"
    },
    {
      "newoiling_machine": 4.0,
      "neweoil_gun": 16.0,
      "newemployees": 5.0,
      "newsale_amount": 0.0,
      "company_id": "10005885",
      "company_short_name": "高速石油",
      "company_name": "浙江高速石油发展有限公司",
      "introd_type": "门店简介",
      "shop_id": "32855957",
      "shop_name": "萧山南阳加油站",
      "province": "浙江省",
      "longitude": "120.441937",
      "latitude": "30.263751",
      "business_id": "102",
      "business_type": "加油站",
      "adress": "杭州市萧山区南阳街道南洋大道288号",
      "open_date": "2020-06-09",
      "employees": "5",
      "cumul_revenue": 0.0,
      "sale_amount": 0.0,
      "passenger_flow": 0.0,
      "passenger_price": 0.0,
      "loil_lng_annual_saleslow": 4495.0,
      "oiling_machine": 4.0,
      "oil_gun": 16.0,
      "refind_oil_annual_sales": 3685.0,
      "annual_sales_92": 1328.0,
      "annual_sales_95": 1062.0,
      "annual_sales_98": 0.0,
      "annual_sales_0": 1294.0,
      "annual_pvenergy_output": 0.0,
      "pv_capacity": 0.0,
      "create_date": "2023-10-10 16:14:56",
      "rank": "1",
      "rank2": "1",
      "identifier": "",
      "newcompany_id": "4",
      "loil_lng_annual_sales": 0.45,
      "open_datenew": "2020年"
    },
    {
      "newoiling_machine": 4.0,
      "neweoil_gun": 20.0,
      "newemployees": 14.0,
      "newsale_amount": 0.0,
      "company_id": "10005885",
      "company_short_name": "高速石油",
      "company_name": "浙江高速石油发展有限公司",
      "introd_type": "门店简介",
      "shop_id": "32851723",
      "shop_name": "萧山南飞加油站",
      "province": "浙江省",
      "longitude": "120.300911",
      "latitude": "30.232328",
      "business_id": "102",
      "business_type": "加油站",
      "adress": "萧山区通惠北路大转盘西侧南飞加油站",
      "open_date": "1998-03-12",
      "employees": "14",
      "cumul_revenue": 0.0,
      "sale_amount": 0.0,
      "passenger_flow": 0.0,
      "passenger_price": 0.0,
      "loil_lng_annual_saleslow": 7003.0,
      "oiling_machine": 4.0,
      "oil_gun": 20.0,
      "refind_oil_annual_sales": 4683.0,
      "annual_sales_92": 1270.0,
      "annual_sales_95": 907.0,
      "annual_sales_98": 0.0,
      "annual_sales_0": 2507.0,
      "annual_pvenergy_output": 0.0,
      "pv_capacity": 0.0,
      "create_date": "2023-10-10 16:14:52",
      "rank": "1",
      "rank2": "1",
      "identifier": "",
      "newcompany_id": "4",
      "loil_lng_annual_sales": 0.7,
      "open_datenew": "1998年"
    },
    {
      "newoiling_machine": 4.0,
      "neweoil_gun": 8.0,
      "newemployees": 5.0,
      "newsale_amount": 0.0,
      "company_id": "10005885",
      "company_short_name": "高速石油",
      "company_name": "浙江高速石油发展有限公司",
      "introd_type": "门店简介",
      "shop_id": "32851728",
      "shop_name": "萧山坎山加油站",
      "province": "浙江省",
      "longitude": "120.421111",
      "latitude": "30.176407",
      "business_id": "102",
      "business_type": "加油站",
      "adress": "杭州市萧山区凤升村东升路附近（文昌阁东北）",
      "open_date": "2000-01-01",
      "employees": "5",
      "cumul_revenue": 0.0,
      "sale_amount": 0.0,
      "passenger_flow": 0.0,
      "passenger_price": 0.0,
      "loil_lng_annual_saleslow": 2824.0,
      "oiling_machine": 4.0,
      "oil_gun": 8.0,
      "refind_oil_annual_sales": 2346.0,
      "annual_sales_92": 806.0,
      "annual_sales_95": 461.0,
      "annual_sales_98": 0.0,
      "annual_sales_0": 1080.0,
      "annual_pvenergy_output": 0.0,
      "pv_capacity": 0.0,
      "create_date": "2023-10-10 16:14:53",
      "rank": "1",
      "rank2": "1",
      "identifier": "",
      "newcompany_id": "4",
      "loil_lng_annual_sales": 0.28,
      "open_datenew": "2000年"
    },
    {
      "newoiling_machine": 5.0,
      "neweoil_gun": 20.0,
      "newemployees": 6.0,
      "newsale_amount": 0.0,
      "company_id": "10005885",
      "company_short_name": "高速石油",
      "company_name": "浙江高速石油发展有限公司",
      "introd_type": "门店简介",
      "shop_id": "32851727",
      "shop_name": "萧山奔驰加油站",
      "province": "浙江省",
      "longitude": "120.342866",
      "latitude": "30.174328",
      "business_id": "102",
      "business_type": "加油站",
      "adress": "萧山区新塘街道和平桥村奔驰加油站",
      "open_date": "1998-03-12",
      "employees": "6",
      "cumul_revenue": 0.0,
      "sale_amount": 0.0,
      "passenger_flow": 0.0,
      "passenger_price": 0.0,
      "loil_lng_annual_saleslow": 2665.0,
      "oiling_machine": 5.0,
      "oil_gun": 20.0,
      "refind_oil_annual_sales": 2504.0,
      "annual_sales_92": 926.0,
      "annual_sales_95": 532.0,
      "annual_sales_98": 0.0,
      "annual_sales_0": 1046.0,
      "annual_pvenergy_output": 0.0,
      "pv_capacity": 0.0,
      "create_date": "2023-10-10 16:14:53",
      "rank": "1",
      "rank2": "1",
      "identifier": "",
      "newcompany_id": "4",
      "loil_lng_annual_sales": 0.27,
      "open_datenew": "1998年"
    },
    {
      "newoiling_machine": 6.0,
      "neweoil_gun": 32.0,
      "newemployees": 22.0,
      "newsale_amount": 0.0,
      "company_id": "10005885",
      "company_short_name": "高速石油",
      "company_name": "浙江高速石油发展有限公司",
      "introd_type": "门店简介",
      "shop_id": "32851722",
      "shop_name": "萧山机场加油站",
      "province": "浙江省",
      "longitude": "120.423364",
      "latitude": "30.232737",
      "business_id": "102",
      "business_type": "加油站",
      "adress": "杭州萧山机场内",
      "open_date": "1999-12-01",
      "employees": "22",
      "cumul_revenue": 0.0,
      "sale_amount": 0.0,
      "passenger_flow": 0.0,
      "passenger_price": 0.0,
      "loil_lng_annual_saleslow": 10783.0,
      "oiling_machine": 6.0,
      "oil_gun": 32.0,
      "refind_oil_annual_sales": 10253.0,
      "annual_sales_92": 3805.0,
      "annual_sales_95": 3916.0,
      "annual_sales_98": 177.0,
      "annual_sales_0": 2353.0,
      "annual_pvenergy_output": 0.0,
      "pv_capacity": 0.0,
      "create_date": "2023-10-10 16:14:52",
      "rank": "1",
      "rank2": "1",
      "identifier": "",
      "newcompany_id": "4",
      "loil_lng_annual_sales": 1.08,
      "open_datenew": "1999年"
    },
    {
      "newoiling_machine": 4.0,
      "neweoil_gun": 16.0,
      "newemployees": 11.0,
      "newsale_amount": 0.0,
      "company_id": "10005885",
      "company_short_name": "高速石油",
      "company_name": "浙江高速石油发展有限公司",
      "introd_type": "门店简介",
      "shop_id": "32851724",
      "shop_name": "萧山绿岛加油站",
      "province": "浙江省",
      "longitude": "120.25935",
      "latitude": "30.073574",
      "business_id": "102",
      "business_type": "加油站",
      "adress": "萧山区临浦镇油车桥村",
      "open_date": "1998-03-12",
      "employees": "11",
      "cumul_revenue": 0.0,
      "sale_amount": 0.0,
      "passenger_flow": 0.0,
      "passenger_price": 0.0,
      "loil_lng_annual_saleslow": 5736.0,
      "oiling_machine": 4.0,
      "oil_gun": 16.0,
      "refind_oil_annual_sales": 3983.0,
      "annual_sales_92": 1692.0,
      "annual_sales_95": 1387.0,
      "annual_sales_98": 0.0,
      "annual_sales_0": 904.0,
      "annual_pvenergy_output": 0.0,
      "pv_capacity": 0.0,
      "create_date": "2023-10-10 16:14:52",
      "rank": "1",
      "rank2": "1",
      "identifier": "",
      "newcompany_id": "4",
      "loil_lng_annual_sales": 0.57,
      "open_datenew": "1998年"
    },
    {
      "newoiling_machine": 4.0,
      "neweoil_gun": 24.0,
      "newemployees": 13.0,
      "newsale_amount": 0.0,
      "company_id": "10005885",
      "company_short_name": "高速石油",
      "company_name": "浙江高速石油发展有限公司",
      "introd_type": "门店简介",
      "shop_id": "32851726",
      "shop_name": "萧山金腾加油站",
      "province": "浙江省",
      "longitude": "120.259321",
      "latitude": "30.19832",
      "business_id": "102",
      "business_type": "加油站",
      "adress": "萧山城厢镇城北开发城北明星村",
      "open_date": "1999-11-01",
      "employees": "13",
      "cumul_revenue": 0.0,
      "sale_amount": 0.0,
      "passenger_flow": 0.0,
      "passenger_price": 0.0,
      "loil_lng_annual_saleslow": 3497.0,
      "oiling_machine": 4.0,
      "oil_gun": 24.0,
      "refind_oil_annual_sales": 3787.0,
      "annual_sales_92": 1329.0,
      "annual_sales_95": 2034.0,
      "annual_sales_98": 86.0,
      "annual_sales_0": 338.0,
      "annual_pvenergy_output": 0.0,
      "pv_capacity": 0.0,
      "create_date": "2023-10-10 16:14:52",
      "rank": "1",
      "rank2": "1",
      "identifier": "",
      "newcompany_id": "4",
      "loil_lng_annual_sales": 0.35,
      "open_datenew": "1999年"
    },
    {
      "newoiling_machine": 4.0,
      "neweoil_gun": 16.0,
      "newemployees": 4.0,
      "newsale_amount": 0.0,
      "company_id": "10005885",
      "company_short_name": "高速石油",
      "company_name": "浙江高速石油发展有限公司",
      "introd_type": "门店简介",
      "shop_id": "32851725",
      "shop_name": "萧山银鹰加油站",
      "province": "浙江省",
      "longitude": "120.161728",
      "latitude": "29.92901",
      "business_id": "102",
      "business_type": "加油站",
      "adress": "萧山区河上镇联发村（樟树下村）",
      "open_date": "1999-05-26",
      "employees": "4",
      "cumul_revenue": 0.0,
      "sale_amount": 0.0,
      "passenger_flow": 0.0,
      "passenger_price": 0.0,
      "loil_lng_annual_saleslow": 2964.0,
      "oiling_machine": 4.0,
      "oil_gun": 16.0,
      "refind_oil_annual_sales": 2418.0,
      "annual_sales_92": 1133.0,
      "annual_sales_95": 622.0,
      "annual_sales_98": 0.0,
      "annual_sales_0": 663.0,
      "annual_pvenergy_output": 0.0,
      "pv_capacity": 0.0,
      "create_date": "2023-10-10 16:14:52",
      "rank": "1",
      "rank2": "1",
      "identifier": "",
      "newcompany_id": "4",
      "loil_lng_annual_sales": 0.3,
      "open_datenew": "1999年"
    },
    {
      "newoiling_machine": 4.0,
      "neweoil_gun": 22.0,
      "newemployees": 11.0,
      "newsale_amount": 0.0,
      "company_id": "10005885",
      "company_short_name": "高速石油",
      "company_name": "浙江高速石油发展有限公司",
      "introd_type": "门店简介",
      "shop_id": "32856090",
      "shop_name": "诸永东阳(上)加油站",
      "province": "浙江省",
      "longitude": "120.407505",
      "latitude": "29.302356",
      "business_id": "102",
      "business_type": "加油站",
      "adress": "浙江省金华市东阳市歌山镇诸永高速公路东阳服务区内",
      "open_date": "2021-07-08",
      "employees": "11",
      "cumul_revenue": 0.0,
      "sale_amount": 0.0,
      "passenger_flow": 0.0,
      "passenger_price": 0.0,
      "loil_lng_annual_saleslow": 7501.0,
      "oiling_machine": 4.0,
      "oil_gun": 22.0,
      "refind_oil_annual_sales": 7156.0,
      "annual_sales_92": 2369.0,
      "annual_sales_95": 2282.0,
      "annual_sales_98": 98.0,
      "annual_sales_0": 2408.0,
      "annual_pvenergy_output": 0.0,
      "pv_capacity": 0.0,
      "create_date": "2023-10-10 16:14:56",
      "rank": "1",
      "rank2": "1",
      "identifier": "",
      "newcompany_id": "4",
      "loil_lng_annual_sales": 0.75,
      "open_datenew": "2021年"
    },
    {
      "newoiling_machine": 4.0,
      "neweoil_gun": 22.0,
      "newemployees": 11.0,
      "newsale_amount": 0.0,
      "company_id": "10005885",
      "company_short_name": "高速石油",
      "company_name": "浙江高速石油发展有限公司",
      "introd_type": "门店简介",
      "shop_id": "32856088",
      "shop_name": "诸永东阳(下)加油站",
      "province": "浙江省",
      "longitude": "120.406089",
      "latitude": "29.29968",
      "business_id": "102",
      "business_type": "加油站",
      "adress": "浙江省金华市东阳市歌山镇诸永高速公路东阳服务区内",
      "open_date": "2021-07-08",
      "employees": "11",
      "cumul_revenue": 0.0,
      "sale_amount": 0.0,
      "passenger_flow": 0.0,
      "passenger_price": 0.0,
      "loil_lng_annual_saleslow": 7524.0,
      "oiling_machine": 4.0,
      "oil_gun": 22.0,
      "refind_oil_annual_sales": 7312.0,
      "annual_sales_92": 2431.0,
      "annual_sales_95": 2436.0,
      "annual_sales_98": 103.0,
      "annual_sales_0": 2341.0,
      "annual_pvenergy_output": 0.0,
      "pv_capacity": 0.0,
      "create_date": "2023-10-10 16:14:56",
      "rank": "1",
      "rank2": "1",
      "identifier": "",
      "newcompany_id": "4",
      "loil_lng_annual_sales": 0.75,
      "open_datenew": "2021年"
    },
    {
      "newoiling_machine": 4.0,
      "neweoil_gun": 14.0,
      "newemployees": 8.0,
      "newsale_amount": 0.0,
      "company_id": "10005885",
      "company_short_name": "高速石油",
      "company_name": "浙江高速石油发展有限公司",
      "introd_type": "门店简介",
      "shop_id": "32856229",
      "shop_name": "诸永仙居(上)加油站",
      "province": "浙江省",
      "longitude": "120.633895",
      "latitude": "28.731115",
      "business_id": "102",
      "business_type": "加油站",
      "adress": "仙居县白塔镇寺前村诸永高速公路仙居服务区加油站",
      "open_date": "2022-09-01",
      "employees": "8",
      "cumul_revenue": 0.0,
      "sale_amount": 0.0,
      "passenger_flow": 0.0,
      "passenger_price": 0.0,
      "loil_lng_annual_saleslow": 3616.0,
      "oiling_machine": 4.0,
      "oil_gun": 14.0,
      "refind_oil_annual_sales": 5508.0,
      "annual_sales_92": 1708.0,
      "annual_sales_95": 1885.0,
      "annual_sales_98": 88.0,
      "annual_sales_0": 1826.0,
      "annual_pvenergy_output": 0.0,
      "pv_capacity": 0.0,
      "create_date": "2023-10-10 16:14:58",
      "rank": "1",
      "rank2": "1",
      "identifier": "",
      "newcompany_id": "4",
      "loil_lng_annual_sales": 0.36,
      "open_datenew": "2022年"
    },
    {
      "newoiling_machine": 4.0,
      "neweoil_gun": 14.0,
      "newemployees": 8.0,
      "newsale_amount": 0.0,
      "company_id": "10005885",
      "company_short_name": "高速石油",
      "company_name": "浙江高速石油发展有限公司",
      "introd_type": "门店简介",
      "shop_id": "32856226",
      "shop_name": "诸永仙居(下)加油站",
      "province": "浙江省",
      "longitude": "120.638525",
      "latitude": "28.727381",
      "business_id": "102",
      "business_type": "加油站",
      "adress": "仙居县白塔镇寺前村诸永高速公路仙居服务区加油站",
      "open_date": "2022-09-01",
      "employees": "8",
      "cumul_revenue": 0.0,
      "sale_amount": 0.0,
      "passenger_flow": 0.0,
      "passenger_price": 0.0,
      "loil_lng_annual_saleslow": 2114.0,
      "oiling_machine": 4.0,
      "oil_gun": 14.0,
      "refind_oil_annual_sales": 4052.0,
      "annual_sales_92": 1261.0,
      "annual_sales_95": 1350.0,
      "annual_sales_98": 66.0,
      "annual_sales_0": 1375.0,
      "annual_pvenergy_output": 0.0,
      "pv_capacity": 0.0,
      "create_date": "2023-10-10 16:14:58",
      "rank": "1",
      "rank2": "1",
      "identifier": "",
      "newcompany_id": "4",
      "loil_lng_annual_sales": 0.21,
      "open_datenew": "2022年"
    },
    {
      "newoiling_machine": 4.0,
      "neweoil_gun": 24.0,
      "newemployees": 10.0,
      "newsale_amount": 0.0,
      "company_id": "10005885",
      "company_short_name": "高速石油",
      "company_name": "浙江高速石油发展有限公司",
      "introd_type": "门店简介",
      "shop_id": "32856232",
      "shop_name": "诸永永嘉(上)加油站",
      "province": "浙江省",
      "longitude": "120.750383",
      "latitude": "28.366081",
      "business_id": "102",
      "business_type": "加油站",
      "adress": "浙江省温州市永嘉县岩头镇永嘉服务区加油站",
      "open_date": "2022-10-20",
      "employees": "10",
      "cumul_revenue": 0.0,
      "sale_amount": 0.0,
      "passenger_flow": 0.0,
      "passenger_price": 0.0,
      "loil_lng_annual_saleslow": 2267.0,
      "oiling_machine": 4.0,
      "oil_gun": 24.0,
      "refind_oil_annual_sales": 8248.0,
      "annual_sales_92": 2558.0,
      "annual_sales_95": 2261.0,
      "annual_sales_98": 171.0,
      "annual_sales_0": 3258.0,
      "annual_pvenergy_output": 0.0,
      "pv_capacity": 0.0,
      "create_date": "2023-10-10 16:14:58",
      "rank": "1",
      "rank2": "1",
      "identifier": "",
      "newcompany_id": "4",
      "loil_lng_annual_sales": 0.23,
      "open_datenew": "2022年"
    },
    {
      "newoiling_machine": 4.0,
      "neweoil_gun": 24.0,
      "newemployees": 8.0,
      "newsale_amount": 0.0,
      "company_id": "10005885",
      "company_short_name": "高速石油",
      "company_name": "浙江高速石油发展有限公司",
      "introd_type": "门店简介",
      "shop_id": "32856231",
      "shop_name": "诸永永嘉(下)加油站",
      "province": "浙江省",
      "longitude": "120.74966",
      "latitude": "28.364881",
      "business_id": "102",
      "business_type": "加油站",
      "adress": "浙江省温州市永嘉县岩头镇永嘉服务区加油站",
      "open_date": "2022-10-20",
      "employees": "8",
      "cumul_revenue": 0.0,
      "sale_amount": 0.0,
      "passenger_flow": 0.0,
      "passenger_price": 0.0,
      "loil_lng_annual_saleslow": 924.0,
      "oiling_machine": 4.0,
      "oil_gun": 24.0,
      "refind_oil_annual_sales": 3706.0,
      "annual_sales_92": 1198.0,
      "annual_sales_95": 1111.0,
      "annual_sales_98": 61.0,
      "annual_sales_0": 1337.0,
      "annual_pvenergy_output": 0.0,
      "pv_capacity": 0.0,
      "create_date": "2023-10-10 16:14:58",
      "rank": "1",
      "rank2": "1",
      "identifier": "",
      "newcompany_id": "4",
      "loil_lng_annual_sales": 0.09,
      "open_datenew": "2022年"
    },
    {
      "newoiling_machine": 6.0,
      "neweoil_gun": 18.0,
      "newemployees": 9.0,
      "newsale_amount": 0.0,
      "company_id": "10005885",
      "company_short_name": "高速石油",
      "company_name": "浙江高速石油发展有限公司",
      "introd_type": "门店简介",
      "shop_id": "32856091",
      "shop_name": "诸永磐安(上)加油站",
      "province": "浙江省",
      "longitude": "120.2442",
      "latitude": "28.5916",
      "business_id": "102",
      "business_type": "加油站",
      "adress": "浙江省金华市磐安县新渥街道上亨堂村诸永高速磐安东侧服务区内",
      "open_date": "2021-07-08",
      "employees": "9",
      "cumul_revenue": 0.0,
      "sale_amount": 0.0,
      "passenger_flow": 0.0,
      "passenger_price": 0.0,
      "loil_lng_annual_saleslow": 5136.0,
      "oiling_machine": 6.0,
      "oil_gun": 18.0,
      "refind_oil_annual_sales": 4969.0,
      "annual_sales_92": 1448.0,
      "annual_sales_95": 1603.0,
      "annual_sales_98": 78.0,
      "annual_sales_0": 1840.0,
      "annual_pvenergy_output": 0.0,
      "pv_capacity": 0.0,
      "create_date": "2023-10-10 16:14:56",
      "rank": "1",
      "rank2": "1",
      "identifier": "",
      "newcompany_id": "4",
      "loil_lng_annual_sales": 0.51,
      "open_datenew": "2021年"
    },
    {
      "newoiling_machine": 6.0,
      "neweoil_gun": 20.0,
      "newemployees": 9.0,
      "newsale_amount": 0.0,
      "company_id": "10005885",
      "company_short_name": "高速石油",
      "company_name": "浙江高速石油发展有限公司",
      "introd_type": "门店简介",
      "shop_id": "32856092",
      "shop_name": "诸永磐安(下)加油站",
      "province": "浙江省",
      "longitude": "120.2437",
      "latitude": "28.5967",
      "business_id": "102",
      "business_type": "加油站",
      "adress": "浙江省金华市磐安县新渥街道上亨堂村诸永高速磐安西侧服务区内",
      "open_date": "2021-07-08",
      "employees": "9",
      "cumul_revenue": 0.0,
      "sale_amount": 0.0,
      "passenger_flow": 0.0,
      "passenger_price": 0.0,
      "loil_lng_annual_saleslow": 4604.0,
      "oiling_machine": 6.0,
      "oil_gun": 20.0,
      "refind_oil_annual_sales": 4244.0,
      "annual_sales_92": 1338.0,
      "annual_sales_95": 1402.0,
      "annual_sales_98": 72.0,
      "annual_sales_0": 1431.0,
      "annual_pvenergy_output": 0.0,
      "pv_capacity": 0.0,
      "create_date": "2023-10-10 16:14:56",
      "rank": "1",
      "rank2": "1",
      "identifier": "",
      "newcompany_id": "4",
      "loil_lng_annual_sales": 0.46,
      "open_datenew": "2021年"
    },
    {
      "newoiling_machine": 6.0,
      "neweoil_gun": 34.0,
      "newemployees": 9.0,
      "newsale_amount": 0.0,
      "company_id": "10005885",
      "company_short_name": "高速石油",
      "company_name": "浙江高速石油发展有限公司",
      "introd_type": "门店简介",
      "shop_id": "32855468",
      "shop_name": "镇海永乐加油站",
      "province": "浙江省",
      "longitude": "121.609457",
      "latitude": "29.960752",
      "business_id": "102",
      "business_type": "加油站",
      "adress": "宁波市高新区贵驷街道望海南路1501号",
      "open_date": "2017-11-03",
      "employees": "9",
      "cumul_revenue": 0.0,
      "sale_amount": 0.0,
      "passenger_flow": 0.0,
      "passenger_price": 0.0,
      "loil_lng_annual_saleslow": 3801.0,
      "oiling_machine": 6.0,
      "oil_gun": 34.0,
      "refind_oil_annual_sales": 2329.0,
      "annual_sales_92": 895.0,
      "annual_sales_95": 875.0,
      "annual_sales_98": 50.0,
      "annual_sales_0": 508.0,
      "annual_pvenergy_output": 0.0,
      "pv_capacity": 0.0,
      "create_date": "2023-10-10 16:14:55",
      "rank": "1",
      "rank2": "1",
      "identifier": "",
      "newcompany_id": "4",
      "loil_lng_annual_sales": 0.38,
      "open_datenew": "2017年"
    },
    {
      "newoiling_machine": 6.0,
      "neweoil_gun": 24.0,
      "newemployees": 20.0,
      "newsale_amount": 0.0,
      "company_id": "10005885",
      "company_short_name": "高速石油",
      "company_name": "浙江高速石油发展有限公司",
      "introd_type": "门店简介",
      "shop_id": "32852397",
      "shop_name": "高速三江(上)加油站",
      "province": "浙江省",
      "longitude": "120.650811",
      "latitude": "30.105393",
      "business_id": "102",
      "business_type": "加油站",
      "adress": "绍兴市越城区马山镇宋家娄绍兴服务区加油站",
      "open_date": "2008-04-01",
      "employees": "20",
      "cumul_revenue": 0.0,
      "sale_amount": 0.0,
      "passenger_flow": 0.0,
      "passenger_price": 0.0,
      "loil_lng_annual_saleslow": 17806.0,
      "oiling_machine": 6.0,
      "oil_gun": 24.0,
      "refind_oil_annual_sales": 18447.0,
      "annual_sales_92": 5218.0,
      "annual_sales_95": 5405.0,
      "annual_sales_98": 276.0,
      "annual_sales_0": 7548.0,
      "annual_pvenergy_output": 0.0,
      "pv_capacity": 0.0,
      "create_date": "2023-10-10 16:14:40",
      "rank": "1",
      "rank2": "1",
      "identifier": "",
      "newcompany_id": "4",
      "loil_lng_annual_sales": 1.78,
      "open_datenew": "2008年"
    },
    {
      "newoiling_machine": 8.0,
      "neweoil_gun": 42.0,
      "newemployees": 19.0,
      "newsale_amount": 0.0,
      "company_id": "10005885",
      "company_short_name": "高速石油",
      "company_name": "浙江高速石油发展有限公司",
      "introd_type": "门店简介",
      "shop_id": "32851748",
      "shop_name": "高速三江(下)加油站",
      "province": "浙江省",
      "longitude": "120.64846",
      "latitude": "30.104861",
      "business_id": "102",
      "business_type": "加油站",
      "adress": "绍兴市越城区马山镇宋家娄绍兴服务区加油站",
      "open_date": "1998-05-01",
      "employees": "19",
      "cumul_revenue": 0.0,
      "sale_amount": 0.0,
      "passenger_flow": 0.0,
      "passenger_price": 0.0,
      "loil_lng_annual_saleslow": 15730.0,
      "oiling_machine": 8.0,
      "oil_gun": 42.0,
      "refind_oil_annual_sales": 14668.0,
      "annual_sales_92": 4464.0,
      "annual_sales_95": 4217.0,
      "annual_sales_98": 198.0,
      "annual_sales_0": 5789.0,
      "annual_pvenergy_output": 0.0,
      "pv_capacity": 0.0,
      "create_date": "2023-10-10 16:14:41",
      "rank": "1",
      "rank2": "1",
      "identifier": "",
      "newcompany_id": "4",
      "loil_lng_annual_sales": 1.57,
      "open_datenew": "1998年"
    },
    {
      "newoiling_machine": 4.0,
      "neweoil_gun": 16.0,
      "newemployees": 12.0,
      "newsale_amount": 0.0,
      "company_id": "10005885",
      "company_short_name": "高速石油",
      "company_name": "浙江高速石油发展有限公司",
      "introd_type": "门店简介",
      "shop_id": "32852472",
      "shop_name": "高速三界(上)加油站",
      "province": "浙江省",
      "longitude": "120.848516",
      "latitude": "29.793868",
      "business_id": "102",
      "business_type": "加油站",
      "adress": "嵊州市三界镇朱孟村上嵊管理处三界服务区加油站",
      "open_date": "2003-01-27",
      "employees": "12",
      "cumul_revenue": 0.0,
      "sale_amount": 0.0,
      "passenger_flow": 0.0,
      "passenger_price": 0.0,
      "loil_lng_annual_saleslow": 6024.0,
      "oiling_machine": 4.0,
      "oil_gun": 16.0,
      "refind_oil_annual_sales": 3777.0,
      "annual_sales_92": 1164.0,
      "annual_sales_95": 1189.0,
      "annual_sales_98": 26.0,
      "annual_sales_0": 1398.0,
      "annual_pvenergy_output": 0.0,
      "pv_capacity": 0.0,
      "create_date": "2023-10-10 16:14:42",
      "rank": "1",
      "rank2": "1",
      "identifier": "",
      "newcompany_id": "4",
      "loil_lng_annual_sales": 0.6,
      "open_datenew": "2003年"
    },
    {
      "newoiling_machine": 4.0,
      "neweoil_gun": 16.0,
      "newemployees": 11.0,
      "newsale_amount": 0.0,
      "company_id": "10005885",
      "company_short_name": "高速石油",
      "company_name": "浙江高速石油发展有限公司",
      "introd_type": "门店简介",
      "shop_id": "32852473",
      "shop_name": "高速三界(下)加油站",
      "province": "浙江省",
      "longitude": "120.847278",
      "latitude": "29.792351",
      "business_id": "102",
      "business_type": "加油站",
      "adress": "嵊州市三界镇朱孟村上嵊管理处三界服务区加油站",
      "open_date": "2003-01-27",
      "employees": "11",
      "cumul_revenue": 0.0,
      "sale_amount": 0.0,
      "passenger_flow": 0.0,
      "passenger_price": 0.0,
      "loil_lng_annual_saleslow": 7247.0,
      "oiling_machine": 4.0,
      "oil_gun": 16.0,
      "refind_oil_annual_sales": 4228.0,
      "annual_sales_92": 1377.0,
      "annual_sales_95": 1322.0,
      "annual_sales_98": 29.0,
      "annual_sales_0": 1500.0,
      "annual_pvenergy_output": 0.0,
      "pv_capacity": 0.0,
      "create_date": "2023-10-10 16:14:42",
      "rank": "1",
      "rank2": "1",
      "identifier": "",
      "newcompany_id": "4",
      "loil_lng_annual_sales": 0.72,
      "open_datenew": "2003年"
    },
    {
      "newoiling_machine": 6.0,
      "neweoil_gun": 30.0,
      "newemployees": 12.0,
      "newsale_amount": 0.0,
      "company_id": "10005885",
      "company_short_name": "高速石油",
      "company_name": "浙江高速石油发展有限公司",
      "introd_type": "门店简介",
      "shop_id": "32852448",
      "shop_name": "高速东阳(上)加油站",
      "province": "浙江省",
      "longitude": "120.357952",
      "latitude": "29.346516",
      "business_id": "102",
      "business_type": "加油站",
      "adress": "东阳市六石镇王村甬金高速东阳服务区加油站",
      "open_date": "2005-12-28",
      "employees": "12",
      "cumul_revenue": 0.0,
      "sale_amount": 0.0,
      "passenger_flow": 0.0,
      "passenger_price": 0.0,
      "loil_lng_annual_saleslow": 10882.0,
      "oiling_machine": 6.0,
      "oil_gun": 30.0,
      "refind_oil_annual_sales": 9733.0,
      "annual_sales_92": 3278.0,
      "annual_sales_95": 2349.0,
      "annual_sales_98": 99.0,
      "annual_sales_0": 4008.0,
      "annual_pvenergy_output": 0.0,
      "pv_capacity": 0.0,
      "create_date": "2023-10-10 16:14:44",
      "rank": "1",
      "rank2": "1",
      "identifier": "",
      "newcompany_id": "4",
      "loil_lng_annual_sales": 1.09,
      "open_datenew": "2005年"
    },
    {
      "newoiling_machine": 6.0,
      "neweoil_gun": 30.0,
      "newemployees": 12.0,
      "newsale_amount": 0.0,
      "company_id": "10005885",
      "company_short_name": "高速石油",
      "company_name": "浙江高速石油发展有限公司",
      "introd_type": "门店简介",
      "shop_id": "32852449",
      "shop_name": "高速东阳(下)加油站",
      "province": "浙江省",
      "longitude": "120.354019",
      "latitude": "29.346309",
      "business_id": "102",
      "business_type": "加油站",
      "adress": "东阳市六石镇王村甬金高速东阳服务区加油站",
      "open_date": "2005-12-28",
      "employees": "12",
      "cumul_revenue": 0.0,
      "sale_amount": 0.0,
      "passenger_flow": 0.0,
      "passenger_price": 0.0,
      "loil_lng_annual_saleslow": 8901.0,
      "oiling_machine": 6.0,
      "oil_gun": 30.0,
      "refind_oil_annual_sales": 7596.0,
      "annual_sales_92": 2003.0,
      "annual_sales_95": 1401.0,
      "annual_sales_98": 58.0,
      "annual_sales_0": 4134.0,
      "annual_pvenergy_output": 0.0,
      "pv_capacity": 0.0,
      "create_date": "2023-10-10 16:14:44",
      "rank": "1",
      "rank2": "1",
      "identifier": "",
      "newcompany_id": "4",
      "loil_lng_annual_sales": 0.89,
      "open_datenew": "2005年"
    },
    {
      "newoiling_machine": 4.0,
      "neweoil_gun": 24.0,
      "newemployees": 14.0,
      "newsale_amount": 0.0,
      "company_id": "10005885",
      "company_short_name": "高速石油",
      "company_name": "浙江高速石油发展有限公司",
      "introd_type": "门店简介",
      "shop_id": "32852668",
      "shop_name": "高速临安(上)加油站",
      "province": "浙江省",
      "longitude": "119.11552",
      "latitude": "30.165612",
      "business_id": "102",
      "business_type": "加油站",
      "adress": "临安区藻溪镇横塘村临安服务区加油站",
      "open_date": "2009-07-06",
      "employees": "14",
      "cumul_revenue": 0.0,
      "sale_amount": 0.0,
      "passenger_flow": 0.0,
      "passenger_price": 0.0,
      "loil_lng_annual_saleslow": 7601.0,
      "oiling_machine": 4.0,
      "oil_gun": 24.0,
      "refind_oil_annual_sales": 7953.0,
      "annual_sales_92": 2941.0,
      "annual_sales_95": 2173.0,
      "annual_sales_98": 0.0,
      "annual_sales_0": 2840.0,
      "annual_pvenergy_output": 0.0,
      "pv_capacity": 0.0,
      "create_date": "2023-10-10 16:14:47",
      "rank": "1",
      "rank2": "1",
      "identifier": "",
      "newcompany_id": "4",
      "loil_lng_annual_sales": 0.76,
      "open_datenew": "2009年"
    },
    {
      "newoiling_machine": 4.0,
      "neweoil_gun": 24.0,
      "newemployees": 13.0,
      "newsale_amount": 0.0,
      "company_id": "10005885",
      "company_short_name": "高速石油",
      "company_name": "浙江高速石油发展有限公司",
      "introd_type": "门店简介",
      "shop_id": "32852669",
      "shop_name": "高速临安(下)加油站",
      "province": "浙江省",
      "longitude": "119.112925",
      "latitude": "30.165994",
      "business_id": "102",
      "business_type": "加油站",
      "adress": "临安区藻溪镇横塘村临安服务区加油站",
      "open_date": "2009-07-06",
      "employees": "13",
      "cumul_revenue": 0.0,
      "sale_amount": 0.0,
      "passenger_flow": 0.0,
      "passenger_price": 0.0,
      "loil_lng_annual_saleslow": 9806.0,
      "oiling_machine": 4.0,
      "oil_gun": 24.0,
      "refind_oil_annual_sales": 10523.0,
      "annual_sales_92": 4150.0,
      "annual_sales_95": 3232.0,
      "annual_sales_98": 0.0,
      "annual_sales_0": 3141.0,
      "annual_pvenergy_output": 0.0,
      "pv_capacity": 0.0,
      "create_date": "2023-10-10 16:14:47",
      "rank": "1",
      "rank2": "1",
      "identifier": "",
      "newcompany_id": "4",
      "loil_lng_annual_sales": 0.98,
      "open_datenew": "2009年"
    },
    {
      "newoiling_machine": 4.0,
      "neweoil_gun": 16.0,
      "newemployees": 10.0,
      "newsale_amount": 0.0,
      "company_id": "10005885",
      "company_short_name": "高速石油",
      "company_name": "浙江高速石油发展有限公司",
      "introd_type": "门店简介",
      "shop_id": "32851793",
      "shop_name": "高速丽水(上)加油站",
      "province": "浙江省",
      "longitude": "119.863991",
      "latitude": "28.493444",
      "business_id": "102",
      "business_type": "加油站",
      "adress": "丽水市莲都区联城镇凤鸣村金丽温高速丽水服务区加油站",
      "open_date": "2002-12-28",
      "employees": "10",
      "cumul_revenue": 0.0,
      "sale_amount": 0.0,
      "passenger_flow": 0.0,
      "passenger_price": 0.0,
      "loil_lng_annual_saleslow": 4979.0,
      "oiling_machine": 4.0,
      "oil_gun": 16.0,
      "refind_oil_annual_sales": 4650.0,
      "annual_sales_92": 1253.0,
      "annual_sales_95": 1009.0,
      "annual_sales_98": 48.0,
      "annual_sales_0": 2341.0,
      "annual_pvenergy_output": 0.0,
      "pv_capacity": 0.0,
      "create_date": "2023-10-10 16:14:43",
      "rank": "1",
      "rank2": "1",
      "identifier": "",
      "newcompany_id": "4",
      "loil_lng_annual_sales": 0.5,
      "open_datenew": "2002年"
    },
    {
      "newoiling_machine": 4.0,
      "neweoil_gun": 16.0,
      "newemployees": 9.0,
      "newsale_amount": 0.0,
      "company_id": "10005885",
      "company_short_name": "高速石油",
      "company_name": "浙江高速石油发展有限公司",
      "introd_type": "门店简介",
      "shop_id": "32851794",
      "shop_name": "高速丽水(下)加油站",
      "province": "浙江省",
      "longitude": "119.869712",
      "latitude": "28.500391",
      "business_id": "102",
      "business_type": "加油站",
      "adress": "丽水市莲都区联城镇凤鸣村金丽温高速丽水服务区加油站",
      "open_date": "2002-12-28",
      "employees": "9",
      "cumul_revenue": 0.0,
      "sale_amount": 0.0,
      "passenger_flow": 0.0,
      "passenger_price": 0.0,
      "loil_lng_annual_saleslow": 4949.0,
      "oiling_machine": 4.0,
      "oil_gun": 16.0,
      "refind_oil_annual_sales": 4460.0,
      "annual_sales_92": 1493.0,
      "annual_sales_95": 1249.0,
      "annual_sales_98": 56.0,
      "annual_sales_0": 1662.0,
      "annual_pvenergy_output": 0.0,
      "pv_capacity": 0.0,
      "create_date": "2023-10-10 16:14:43",
      "rank": "1",
      "rank2": "1",
      "identifier": "",
      "newcompany_id": "4",
      "loil_lng_annual_sales": 0.49,
      "open_datenew": "2002年"
    },
    {
      "newoiling_machine": 4.0,
      "neweoil_gun": 22.0,
      "newemployees": 9.0,
      "newsale_amount": 0.0,
      "company_id": "10005885",
      "company_short_name": "高速石油",
      "company_name": "浙江高速石油发展有限公司",
      "introd_type": "门店简介",
      "shop_id": "32852545",
      "shop_name": "高速云和(上)加油站",
      "province": "浙江省",
      "longitude": "119.651283",
      "latitude": "28.154824",
      "business_id": "102",
      "business_type": "加油站",
      "adress": "丽水市云和县云坛乡陈村村云和服务区加油站",
      "open_date": "2006-12-29",
      "employees": "9",
      "cumul_revenue": 0.0,
      "sale_amount": 0.0,
      "passenger_flow": 0.0,
      "passenger_price": 0.0,
      "loil_lng_annual_saleslow": 4065.0,
      "oiling_machine": 4.0,
      "oil_gun": 22.0,
      "refind_oil_annual_sales": 4351.0,
      "annual_sales_92": 1513.0,
      "annual_sales_95": 1149.0,
      "annual_sales_98": 46.0,
      "annual_sales_0": 1644.0,
      "annual_pvenergy_output": 0.0,
      "pv_capacity": 0.0,
      "create_date": "2023-10-10 16:14:45",
      "rank": "1",
      "rank2": "1",
      "identifier": "",
      "newcompany_id": "4",
      "loil_lng_annual_sales": 0.41,
      "open_datenew": "2006年"
    },
    {
      "newoiling_machine": 4.0,
      "neweoil_gun": 16.0,
      "newemployees": 8.0,
      "newsale_amount": 0.0,
      "company_id": "10005885",
      "company_short_name": "高速石油",
      "company_name": "浙江高速石油发展有限公司",
      "introd_type": "门店简介",
      "shop_id": "32852546",
      "shop_name": "高速云和(下)加油站",
      "province": "浙江省",
      "longitude": "119.649249",
      "latitude": "28.152498",
      "business_id": "102",
      "business_type": "加油站",
      "adress": "丽水市云和县云坛乡陈村村云和服务区加油站",
      "open_date": "2006-12-29",
      "employees": "8",
      "cumul_revenue": 0.0,
      "sale_amount": 0.0,
      "passenger_flow": 0.0,
      "passenger_price": 0.0,
      "loil_lng_annual_saleslow": 3978.0,
      "oiling_machine": 4.0,
      "oil_gun": 16.0,
      "refind_oil_annual_sales": 4215.0,
      "annual_sales_92": 1295.0,
      "annual_sales_95": 1042.0,
      "annual_sales_98": 42.0,
      "annual_sales_0": 1835.0,
      "annual_pvenergy_output": 0.0,
      "pv_capacity": 0.0,
      "create_date": "2023-10-10 16:14:45",
      "rank": "1",
      "rank2": "1",
      "identifier": "",
      "newcompany_id": "4",
      "loil_lng_annual_sales": 0.4,
      "open_datenew": "2006年"
    },
    {
      "newoiling_machine": 4.0,
      "neweoil_gun": 24.0,
      "newemployees": 8.0,
      "newsale_amount": 0.0,
      "company_id": "10005885",
      "company_short_name": "高速石油",
      "company_name": "浙江高速石油发展有限公司",
      "introd_type": "门店简介",
      "shop_id": "32852662",
      "shop_name": "高速仙居(上)加油站",
      "province": "浙江省",
      "longitude": "120.570868",
      "latitude": "28.745859",
      "business_id": "102",
      "business_type": "加油站",
      "adress": "仙居县皤滩乡台金高速服务区加油站",
      "open_date": "2008-01-27",
      "employees": "8",
      "cumul_revenue": 0.0,
      "sale_amount": 0.0,
      "passenger_flow": 0.0,
      "passenger_price": 0.0,
      "loil_lng_annual_saleslow": 4121.0,
      "oiling_machine": 4.0,
      "oil_gun": 24.0,
      "refind_oil_annual_sales": 3295.0,
      "annual_sales_92": 1040.0,
      "annual_sales_95": 769.0,
      "annual_sales_98": 38.0,
      "annual_sales_0": 1448.0,
      "annual_pvenergy_output": 0.0,
      "pv_capacity": 0.0,
      "create_date": "2023-10-10 16:14:47",
      "rank": "1",
      "rank2": "1",
      "identifier": "",
      "newcompany_id": "4",
      "loil_lng_annual_sales": 0.41,
      "open_datenew": "2008年"
    },
    {
      "newoiling_machine": 4.0,
      "neweoil_gun": 24.0,
      "newemployees": 8.0,
      "newsale_amount": 0.0,
      "company_id": "10005885",
      "company_short_name": "高速石油",
      "company_name": "浙江高速石油发展有限公司",
      "introd_type": "门店简介",
      "shop_id": "32852663",
      "shop_name": "高速仙居(下)加油站",
      "province": "浙江省",
      "longitude": "120.573355",
      "latitude": "28.745271",
      "business_id": "102",
      "business_type": "加油站",
      "adress": "仙居县皤滩乡台金高速服务区加油站",
      "open_date": "2008-01-27",
      "employees": "8",
      "cumul_revenue": 0.0,
      "sale_amount": 0.0,
      "passenger_flow": 0.0,
      "passenger_price": 0.0,
      "loil_lng_annual_saleslow": 3233.0,
      "oiling_machine": 4.0,
      "oil_gun": 24.0,
      "refind_oil_annual_sales": 2823.0,
      "annual_sales_92": 1089.0,
      "annual_sales_95": 677.0,
      "annual_sales_98": 27.0,
      "annual_sales_0": 1029.0,
      "annual_pvenergy_output": 0.0,
      "pv_capacity": 0.0,
      "create_date": "2023-10-10 16:14:47",
      "rank": "1",
      "rank2": "1",
      "identifier": "",
      "newcompany_id": "4",
      "loil_lng_annual_sales": 0.32,
      "open_datenew": "2008年"
    },
    {
      "newoiling_machine": 4.0,
      "neweoil_gun": 20.0,
      "newemployees": 8.0,
      "newsale_amount": 0.0,
      "company_id": "10005885",
      "company_short_name": "高速石油",
      "company_name": "浙江高速石油发展有限公司",
      "introd_type": "门店简介",
      "shop_id": "32852774",
      "shop_name": "高速仙霞(上)加油站",
      "province": "浙江省",
      "longitude": "118.541797",
      "latitude": "28.483472",
      "business_id": "102",
      "business_type": "加油站",
      "adress": "江山市峡口镇峡北村高速仙霞服务区加油站",
      "open_date": "2008-12-24",
      "employees": "8",
      "cumul_revenue": 0.0,
      "sale_amount": 0.0,
      "passenger_flow": 0.0,
      "passenger_price": 0.0,
      "loil_lng_annual_saleslow": 4567.0,
      "oiling_machine": 4.0,
      "oil_gun": 20.0,
      "refind_oil_annual_sales": 3503.0,
      "annual_sales_92": 774.0,
      "annual_sales_95": 615.0,
      "annual_sales_98": 0.0,
      "annual_sales_0": 2114.0,
      "annual_pvenergy_output": 0.0,
      "pv_capacity": 0.0,
      "create_date": "2023-10-10 16:14:47",
      "rank": "1",
      "rank2": "1",
      "identifier": "",
      "newcompany_id": "4",
      "loil_lng_annual_sales": 0.46,
      "open_datenew": "2008年"
    },
    {
      "newoiling_machine": 4.0,
      "neweoil_gun": 20.0,
      "newemployees": 8.0,
      "newsale_amount": 0.0,
      "company_id": "10005885",
      "company_short_name": "高速石油",
      "company_name": "浙江高速石油发展有限公司",
      "introd_type": "门店简介",
      "shop_id": "32852775",
      "shop_name": "高速仙霞(下)加油站",
      "province": "浙江省",
      "longitude": "118.542832",
      "latitude": "28.4872",
      "business_id": "102",
      "business_type": "加油站",
      "adress": "江山市峡口镇峡北村高速仙霞服务区加油站",
      "open_date": "2008-12-24",
      "employees": "8",
      "cumul_revenue": 0.0,
      "sale_amount": 0.0,
      "passenger_flow": 0.0,
      "passenger_price": 0.0,
      "loil_lng_annual_saleslow": 4850.0,
      "oiling_machine": 4.0,
      "oil_gun": 20.0,
      "refind_oil_annual_sales": 4112.0,
      "annual_sales_92": 644.0,
      "annual_sales_95": 502.0,
      "annual_sales_98": 0.0,
      "annual_sales_0": 2967.0,
      "annual_pvenergy_output": 0.0,
      "pv_capacity": 0.0,
      "create_date": "2023-10-10 16:14:47",
      "rank": "1",
      "rank2": "1",
      "identifier": "",
      "newcompany_id": "4",
      "loil_lng_annual_sales": 0.48,
      "open_datenew": "2008年"
    },
    {
      "newoiling_machine": 4.0,
      "neweoil_gun": 28.0,
      "newemployees": 14.0,
      "newsale_amount": 0.0,
      "company_id": "10005885",
      "company_short_name": "高速石油",
      "company_name": "浙江高速石油发展有限公司",
      "introd_type": "门店简介",
      "shop_id": "32851787",
      "shop_name": "高速兰溪(上)加油站",
      "province": "浙江省",
      "longitude": "119.482804",
      "latitude": "29.137874",
      "business_id": "102",
      "business_type": "加油站",
      "adress": "金华兰溪市马达镇荷仙山兰溪服务区加油站",
      "open_date": "2002-12-28",
      "employees": "14",
      "cumul_revenue": 0.0,
      "sale_amount": 0.0,
      "passenger_flow": 0.0,
      "passenger_price": 0.0,
      "loil_lng_annual_saleslow": 11143.0,
      "oiling_machine": 4.0,
      "oil_gun": 28.0,
      "refind_oil_annual_sales": 11090.0,
      "annual_sales_92": 4161.0,
      "annual_sales_95": 2134.0,
      "annual_sales_98": 0.0,
      "annual_sales_0": 4795.0,
      "annual_pvenergy_output": 0.0,
      "pv_capacity": 0.0,
      "create_date": "2023-10-10 16:14:42",
      "rank": "1",
      "rank2": "1",
      "identifier": "",
      "newcompany_id": "4",
      "loil_lng_annual_sales": 1.11,
      "open_datenew": "2002年"
    },
    {
      "newoiling_machine": 4.0,
      "neweoil_gun": 28.0,
      "newemployees": 14.0,
      "newsale_amount": 0.0,
      "company_id": "10005885",
      "company_short_name": "高速石油",
      "company_name": "浙江高速石油发展有限公司",
      "introd_type": "门店简介",
      "shop_id": "32851788",
      "shop_name": "高速兰溪(下)加油站",
      "province": "浙江省",
      "longitude": "119.480941",
      "latitude": "29.1387",
      "business_id": "102",
      "business_type": "加油站",
      "adress": "金华兰溪市马达镇荷仙山兰溪服务区加油站",
      "open_date": "2002-12-28",
      "employees": "14",
      "cumul_revenue": 0.0,
      "sale_amount": 0.0,
      "passenger_flow": 0.0,
      "passenger_price": 0.0,
      "loil_lng_annual_saleslow": 14416.0,
      "oiling_machine": 4.0,
      "oil_gun": 28.0,
      "refind_oil_annual_sales": 13482.0,
      "annual_sales_92": 4849.0,
      "annual_sales_95": 2737.0,
      "annual_sales_98": 0.0,
      "annual_sales_0": 5896.0,
      "annual_pvenergy_output": 0.0,
      "pv_capacity": 0.0,
      "create_date": "2023-10-10 16:14:43",
      "rank": "1",
      "rank2": "1",
      "identifier": "",
      "newcompany_id": "4",
      "loil_lng_annual_sales": 1.44,
      "open_datenew": "2002年"
    },
    {
      "newoiling_machine": 5.0,
      "neweoil_gun": 26.0,
      "newemployees": 17.0,
      "newsale_amount": 0.0,
      "company_id": "10005885",
      "company_short_name": "高速石油",
      "company_name": "浙江高速石油发展有限公司",
      "introd_type": "门店简介",
      "shop_id": "32855659",
      "shop_name": "高速台州(上)加油站",
      "province": "浙江省",
      "longitude": "121.234135",
      "latitude": "28.885503",
      "business_id": "102",
      "business_type": "加油站",
      "adress": "临海市大洋街道桥东村台州服务区加油站",
      "open_date": "2018-01-01",
      "employees": "17",
      "cumul_revenue": 0.0,
      "sale_amount": 0.0,
      "passenger_flow": 0.0,
      "passenger_price": 0.0,
      "loil_lng_annual_saleslow": 17762.0,
      "oiling_machine": 5.0,
      "oil_gun": 26.0,
      "refind_oil_annual_sales": 13479.0,
      "annual_sales_92": 2737.0,
      "annual_sales_95": 2714.0,
      "annual_sales_98": 137.0,
      "annual_sales_0": 7890.0,
      "annual_pvenergy_output": 0.0,
      "pv_capacity": 0.0,
      "create_date": "2023-10-10 16:14:50",
      "rank": "1",
      "rank2": "1",
      "identifier": "",
      "newcompany_id": "4",
      "loil_lng_annual_sales": 1.78,
      "open_datenew": "2018年"
    },
    {
      "newoiling_machine": 5.0,
      "neweoil_gun": 26.0,
      "newemployees": 17.0,
      "newsale_amount": 0.0,
      "company_id": "10005885",
      "company_short_name": "高速石油",
      "company_name": "浙江高速石油发展有限公司",
      "introd_type": "门店简介",
      "shop_id": "32855658",
      "shop_name": "高速台州(下)加油站",
      "province": "浙江省",
      "longitude": "121.232924",
      "latitude": "28.883809",
      "business_id": "102",
      "business_type": "加油站",
      "adress": "临海市大洋街道桥东村台州服务区加油站",
      "open_date": "2018-01-01",
      "employees": "17",
      "cumul_revenue": 0.0,
      "sale_amount": 0.0,
      "passenger_flow": 0.0,
      "passenger_price": 0.0,
      "loil_lng_annual_saleslow": 12605.0,
      "oiling_machine": 5.0,
      "oil_gun": 26.0,
      "refind_oil_annual_sales": 9357.0,
      "annual_sales_92": 1870.0,
      "annual_sales_95": 1732.0,
      "annual_sales_98": 111.0,
      "annual_sales_0": 5644.0,
      "annual_pvenergy_output": 0.0,
      "pv_capacity": 0.0,
      "create_date": "2023-10-10 16:14:50",
      "rank": "1",
      "rank2": "1",
      "identifier": "",
      "newcompany_id": "4",
      "loil_lng_annual_sales": 1.26,
      "open_datenew": "2018年"
    },
    {
      "newoiling_machine": 4.0,
      "neweoil_gun": 24.0,
      "newemployees": 11.0,
      "newsale_amount": 0.0,
      "company_id": "10005885",
      "company_short_name": "高速石油",
      "company_name": "浙江高速石油发展有限公司",
      "introd_type": "门店简介",
      "shop_id": "32856093",
      "shop_name": "高速后坞(上)加油站",
      "province": "浙江省",
      "longitude": "118.443106",
      "latitude": "28.574784",
      "business_id": "102",
      "business_type": "加油站",
      "adress": "浙江省衢州市柯城区沟溪乡上叶村后坞停车区加油站",
      "open_date": "2021-07-29",
      "employees": "11",
      "cumul_revenue": 0.0,
      "sale_amount": 0.0,
      "passenger_flow": 0.0,
      "passenger_price": 0.0,
      "loil_lng_annual_saleslow": 10266.0,
      "oiling_machine": 4.0,
      "oil_gun": 24.0,
      "refind_oil_annual_sales": 7989.0,
      "annual_sales_92": 2986.0,
      "annual_sales_95": 1429.0,
      "annual_sales_98": 0.0,
      "annual_sales_0": 3574.0,
      "annual_pvenergy_output": 0.0,
      "pv_capacity": 0.0,
      "create_date": "2023-10-10 16:14:56",
      "rank": "1",
      "rank2": "1",
      "identifier": "",
      "newcompany_id": "4",
      "loil_lng_annual_sales": 1.03,
      "open_datenew": "2021年"
    },
    {
      "newoiling_machine": 4.0,
      "neweoil_gun": 24.0,
      "newemployees": 10.0,
      "newsale_amount": 0.0,
      "company_id": "10005885",
      "company_short_name": "高速石油",
      "company_name": "浙江高速石油发展有限公司",
      "introd_type": "门店简介",
      "shop_id": "32856094",
      "shop_name": "高速后坞(下)加油站",
      "province": "浙江省",
      "longitude": "118.442958",
      "latitude": "28.57535",
      "business_id": "102",
      "business_type": "加油站",
      "adress": "浙江省衢州市柯城区沟溪乡上叶村后坞停车区加油站",
      "open_date": "2021-07-28",
      "employees": "10",
      "cumul_revenue": 0.0,
      "sale_amount": 0.0,
      "passenger_flow": 0.0,
      "passenger_price": 0.0,
      "loil_lng_annual_saleslow": 9805.0,
      "oiling_machine": 4.0,
      "oil_gun": 24.0,
      "refind_oil_annual_sales": 7820.0,
      "annual_sales_92": 2901.0,
      "annual_sales_95": 1440.0,
      "annual_sales_98": 0.0,
      "annual_sales_0": 3480.0,
      "annual_pvenergy_output": 0.0,
      "pv_capacity": 0.0,
      "create_date": "2023-10-10 16:14:57",
      "rank": "1",
      "rank2": "1",
      "identifier": "",
      "newcompany_id": "4",
      "loil_lng_annual_sales": 0.98,
      "open_datenew": "2021年"
    },
    {
      "newoiling_machine": 6.0,
      "neweoil_gun": 24.0,
      "newemployees": 10.0,
      "newsale_amount": 0.0,
      "company_id": "10005885",
      "company_short_name": "高速石油",
      "company_name": "浙江高速石油发展有限公司",
      "introd_type": "门店简介",
      "shop_id": "32852666",
      "shop_name": "高速和孚(上)加油站",
      "province": "浙江省",
      "longitude": "120.255653",
      "latitude": "30.799832",
      "business_id": "102",
      "business_type": "加油站",
      "adress": "湖州市南浔和孚镇云北村服务区加油站",
      "open_date": "2007-12-28",
      "employees": "10",
      "cumul_revenue": 0.0,
      "sale_amount": 0.0,
      "passenger_flow": 0.0,
      "passenger_price": 0.0,
      "loil_lng_annual_saleslow": 8930.0,
      "oiling_machine": 6.0,
      "oil_gun": 24.0,
      "refind_oil_annual_sales": 7605.0,
      "annual_sales_92": 2433.0,
      "annual_sales_95": 1839.0,
      "annual_sales_98": 97.0,
      "annual_sales_0": 3236.0,
      "annual_pvenergy_output": 0.0,
      "pv_capacity": 0.0,
      "create_date": "2023-10-10 16:14:46",
      "rank": "1",
      "rank2": "1",
      "identifier": "",
      "newcompany_id": "4",
      "loil_lng_annual_sales": 0.89,
      "open_datenew": "2007年"
    },
    {
      "newoiling_machine": 6.0,
      "neweoil_gun": 24.0,
      "newemployees": 10.0,
      "newsale_amount": 0.0,
      "company_id": "10005885",
      "company_short_name": "高速石油",
      "company_name": "浙江高速石油发展有限公司",
      "introd_type": "门店简介",
      "shop_id": "32852667",
      "shop_name": "高速和孚(下)加油站",
      "province": "浙江省",
      "longitude": "120.258958",
      "latitude": "30.798302",
      "business_id": "102",
      "business_type": "加油站",
      "adress": "湖州市南浔和孚镇云北村服务区加油站",
      "open_date": "2007-12-28",
      "employees": "10",
      "cumul_revenue": 0.0,
      "sale_amount": 0.0,
      "passenger_flow": 0.0,
      "passenger_price": 0.0,
      "loil_lng_annual_saleslow": 7135.0,
      "oiling_machine": 6.0,
      "oil_gun": 24.0,
      "refind_oil_annual_sales": 6139.0,
      "annual_sales_92": 2167.0,
      "annual_sales_95": 1516.0,
      "annual_sales_98": 83.0,
      "annual_sales_0": 2373.0,
      "annual_pvenergy_output": 0.0,
      "pv_capacity": 0.0,
      "create_date": "2023-10-10 16:14:46",
      "rank": "1",
      "rank2": "1",
      "identifier": "",
      "newcompany_id": "4",
      "loil_lng_annual_sales": 0.71,
      "open_datenew": "2007年"
    },
    {
      "newoiling_machine": 6.0,
      "neweoil_gun": 32.0,
      "newemployees": 16.0,
      "newsale_amount": 0.0,
      "company_id": "10005885",
      "company_short_name": "高速石油",
      "company_name": "浙江高速石油发展有限公司",
      "introd_type": "门店简介",
      "shop_id": "32852474",
      "shop_name": "高速嘉兴(上)加油站",
      "province": "浙江省",
      "longitude": "120.682494",
      "latitude": "30.626903",
      "business_id": "102",
      "business_type": "加油站",
      "adress": "嘉兴市王店镇建农村嘉兴服务区加油站",
      "open_date": "1999-09-17",
      "employees": "16",
      "cumul_revenue": 0.0,
      "sale_amount": 0.0,
      "passenger_flow": 0.0,
      "passenger_price": 0.0,
      "loil_lng_annual_saleslow": 15850.0,
      "oiling_machine": 6.0,
      "oil_gun": 32.0,
      "refind_oil_annual_sales": 18965.0,
      "annual_sales_92": 5212.0,
      "annual_sales_95": 5656.0,
      "annual_sales_98": 329.0,
      "annual_sales_0": 7768.0,
      "annual_pvenergy_output": 0.0,
      "pv_capacity": 0.0,
      "create_date": "2023-10-10 16:14:40",
      "rank": "1",
      "rank2": "1",
      "identifier": "",
      "newcompany_id": "4",
      "loil_lng_annual_sales": 1.58,
      "open_datenew": "1999年"
    },
    {
      "newoiling_machine": 7.0,
      "neweoil_gun": 28.0,
      "newemployees": 15.0,
      "newsale_amount": 0.0,
      "company_id": "10005885",
      "company_short_name": "高速石油",
      "company_name": "浙江高速石油发展有限公司",
      "introd_type": "门店简介",
      "shop_id": "32852475",
      "shop_name": "高速嘉兴(下)加油站",
      "province": "浙江省",
      "longitude": "120.685635",
      "latitude": "30.627813",
      "business_id": "102",
      "business_type": "加油站",
      "adress": "嘉兴市王店镇建农村嘉兴服务区加油站",
      "open_date": "1999-09-17",
      "employees": "15",
      "cumul_revenue": 0.0,
      "sale_amount": 0.0,
      "passenger_flow": 0.0,
      "passenger_price": 0.0,
      "loil_lng_annual_saleslow": 12793.0,
      "oiling_machine": 7.0,
      "oil_gun": 28.0,
      "refind_oil_annual_sales": 14972.0,
      "annual_sales_92": 4052.0,
      "annual_sales_95": 4541.0,
      "annual_sales_98": 245.0,
      "annual_sales_0": 6134.0,
      "annual_pvenergy_output": 0.0,
      "pv_capacity": 0.0,
      "create_date": "2023-10-10 16:14:40",
      "rank": "1",
      "rank2": "1",
      "identifier": "",
      "newcompany_id": "4",
      "loil_lng_annual_sales": 1.28,
      "open_datenew": "1999年"
    },
    {
      "newoiling_machine": 4.0,
      "neweoil_gun": 16.0,
      "newemployees": 9.0,
      "newsale_amount": 0.0,
      "company_id": "10005885",
      "company_short_name": "高速石油",
      "company_name": "浙江高速石油发展有限公司",
      "introd_type": "门店简介",
      "shop_id": "32851746",
      "shop_name": "高速天台(上)加油站",
      "province": "浙江省",
      "longitude": "121.086326",
      "latitude": "29.138655",
      "business_id": "102",
      "business_type": "加油站",
      "adress": "台州市天台县坦头镇岭头村天台服务区加油站",
      "open_date": "2001-07-15",
      "employees": "9",
      "cumul_revenue": 0.0,
      "sale_amount": 0.0,
      "passenger_flow": 0.0,
      "passenger_price": 0.0,
      "loil_lng_annual_saleslow": 6123.0,
      "oiling_machine": 4.0,
      "oil_gun": 16.0,
      "refind_oil_annual_sales": 5237.0,
      "annual_sales_92": 1213.0,
      "annual_sales_95": 1189.0,
      "annual_sales_98": 0.0,
      "annual_sales_0": 2834.0,
      "annual_pvenergy_output": 0.0,
      "pv_capacity": 0.0,
      "create_date": "2023-10-10 16:14:41",
      "rank": "1",
      "rank2": "1",
      "identifier": "",
      "newcompany_id": "4",
      "loil_lng_annual_sales": 0.61,
      "open_datenew": "2001年"
    },
    {
      "newoiling_machine": 4.0,
      "neweoil_gun": 16.0,
      "newemployees": 9.0,
      "newsale_amount": 0.0,
      "company_id": "10005885",
      "company_short_name": "高速石油",
      "company_name": "浙江高速石油发展有限公司",
      "introd_type": "门店简介",
      "shop_id": "32851747",
      "shop_name": "高速天台(下)加油站",
      "province": "浙江省",
      "longitude": "121.08471",
      "latitude": "29.13954",
      "business_id": "102",
      "business_type": "加油站",
      "adress": "台州市天台县坦头镇岭头村天台服务区加油站",
      "open_date": "2001-07-15",
      "employees": "9",
      "cumul_revenue": 0.0,
      "sale_amount": 0.0,
      "passenger_flow": 0.0,
      "passenger_price": 0.0,
      "loil_lng_annual_saleslow": 5055.0,
      "oiling_machine": 4.0,
      "oil_gun": 16.0,
      "refind_oil_annual_sales": 4668.0,
      "annual_sales_92": 1292.0,
      "annual_sales_95": 1252.0,
      "annual_sales_98": 0.0,
      "annual_sales_0": 2125.0,
      "annual_pvenergy_output": 0.0,
      "pv_capacity": 0.0,
      "create_date": "2023-10-10 16:14:41",
      "rank": "1",
      "rank2": "1",
      "identifier": "",
      "newcompany_id": "4",
      "loil_lng_annual_sales": 0.51,
      "open_datenew": "2001年"
    },
    {
      "newoiling_machine": 6.0,
      "neweoil_gun": 22.0,
      "newemployees": 14.0,
      "newsale_amount": 0.0,
      "company_id": "10005885",
      "company_short_name": "高速石油",
      "company_name": "浙江高速石油发展有限公司",
      "introd_type": "门店简介",
      "shop_id": "32852948",
      "shop_name": "高速奉化(上)加油站",
      "province": "浙江省",
      "longitude": "121.448207",
      "latitude": "29.617629",
      "business_id": "102",
      "business_type": "加油站",
      "adress": "奉化市西坞街道康亭村上宅弄东大路3号",
      "open_date": "2011-02-27",
      "employees": "14",
      "cumul_revenue": 0.0,
      "sale_amount": 0.0,
      "passenger_flow": 0.0,
      "passenger_price": 0.0,
      "loil_lng_annual_saleslow": 7113.0,
      "oiling_machine": 6.0,
      "oil_gun": 22.0,
      "refind_oil_annual_sales": 6019.0,
      "annual_sales_92": 1230.0,
      "annual_sales_95": 1164.0,
      "annual_sales_98": 85.0,
      "annual_sales_0": 3541.0,
      "annual_pvenergy_output": 0.0,
      "pv_capacity": 0.0,
      "create_date": "2023-10-10 16:14:49",
      "rank": "1",
      "rank2": "1",
      "identifier": "",
      "newcompany_id": "4",
      "loil_lng_annual_sales": 0.71,
      "open_datenew": "2011年"
    },
    {
      "newoiling_machine": 6.0,
      "neweoil_gun": 22.0,
      "newemployees": 13.0,
      "newsale_amount": 0.0,
      "company_id": "10005885",
      "company_short_name": "高速石油",
      "company_name": "浙江高速石油发展有限公司",
      "introd_type": "门店简介",
      "shop_id": "32852949",
      "shop_name": "高速奉化(下)加油站",
      "province": "浙江省",
      "longitude": "121.456919",
      "latitude": "29.624537",
      "business_id": "102",
      "business_type": "加油站",
      "adress": "奉化市西坞街道康亭村上宅弄东大路3号",
      "open_date": "2011-02-27",
      "employees": "13",
      "cumul_revenue": 0.0,
      "sale_amount": 0.0,
      "passenger_flow": 0.0,
      "passenger_price": 0.0,
      "loil_lng_annual_saleslow": 10822.0,
      "oiling_machine": 6.0,
      "oil_gun": 22.0,
      "refind_oil_annual_sales": 9135.0,
      "annual_sales_92": 2181.0,
      "annual_sales_95": 2098.0,
      "annual_sales_98": 101.0,
      "annual_sales_0": 4756.0,
      "annual_pvenergy_output": 0.0,
      "pv_capacity": 0.0,
      "create_date": "2023-10-10 16:14:49",
      "rank": "1",
      "rank2": "1",
      "identifier": "",
      "newcompany_id": "4",
      "loil_lng_annual_sales": 1.08,
      "open_datenew": "2011年"
    },
    {
      "newoiling_machine": 6.0,
      "neweoil_gun": 24.0,
      "newemployees": 16.0,
      "newsale_amount": 0.0,
      "company_id": "10005885",
      "company_short_name": "高速石油",
      "company_name": "浙江高速石油发展有限公司",
      "introd_type": "门店简介",
      "shop_id": "32851735",
      "shop_name": "高速姚江(上)加油站",
      "province": "浙江省",
      "longitude": "121.12208",
      "latitude": "30.014379",
      "business_id": "102",
      "business_type": "加油站",
      "adress": "余姚市萧东镇石婆桥村姚江服务区加油站",
      "open_date": "2002-01-21",
      "employees": "16",
      "cumul_revenue": 0.0,
      "sale_amount": 0.0,
      "passenger_flow": 0.0,
      "passenger_price": 0.0,
      "loil_lng_annual_saleslow": 16155.0,
      "oiling_machine": 6.0,
      "oil_gun": 24.0,
      "refind_oil_annual_sales": 5223.0,
      "annual_sales_92": 1506.0,
      "annual_sales_95": 1395.0,
      "annual_sales_98": 15.0,
      "annual_sales_0": 2307.0,
      "annual_pvenergy_output": 0.0,
      "pv_capacity": 0.0,
      "create_date": "2023-10-10 16:14:41",
      "rank": "1",
      "rank2": "1",
      "identifier": "",
      "newcompany_id": "4",
      "loil_lng_annual_sales": 1.62,
      "open_datenew": "2002年"
    },
    {
      "newoiling_machine": 6.0,
      "neweoil_gun": 24.0,
      "newemployees": 15.0,
      "newsale_amount": 0.0,
      "company_id": "10005885",
      "company_short_name": "高速石油",
      "company_name": "浙江高速石油发展有限公司",
      "introd_type": "门店简介",
      "shop_id": "32851736",
      "shop_name": "高速姚江(下)加油站",
      "province": "浙江省",
      "longitude": "121.121997",
      "latitude": "30.01313",
      "business_id": "102",
      "business_type": "加油站",
      "adress": "余姚市萧东镇石婆桥村姚江服务区加油站",
      "open_date": "2002-01-21",
      "employees": "15",
      "cumul_revenue": 0.0,
      "sale_amount": 0.0,
      "passenger_flow": 0.0,
      "passenger_price": 0.0,
      "loil_lng_annual_saleslow": 12513.0,
      "oiling_machine": 6.0,
      "oil_gun": 24.0,
      "refind_oil_annual_sales": 11179.0,
      "annual_sales_92": 3404.0,
      "annual_sales_95": 2882.0,
      "annual_sales_98": 143.0,
      "annual_sales_0": 4752.0,
      "annual_pvenergy_output": 0.0,
      "pv_capacity": 0.0,
      "create_date": "2023-10-10 16:14:41",
      "rank": "1",
      "rank2": "1",
      "identifier": "",
      "newcompany_id": "4",
      "loil_lng_annual_sales": 1.25,
      "open_datenew": "2002年"
    },
    {
      "newoiling_machine": 8.0,
      "neweoil_gun": 40.0,
      "newemployees": 25.0,
      "newsale_amount": 0.0,
      "company_id": "10005885",
      "company_short_name": "高速石油",
      "company_name": "浙江高速石油发展有限公司",
      "introd_type": "门店简介",
      "shop_id": "32851980",
      "shop_name": "高速常山(上)加油站",
      "province": "浙江省",
      "longitude": "118.469015",
      "latitude": "28.916891",
      "business_id": "102",
      "business_type": "加油站",
      "adress": "常山县湖东乡金家畈村常山服务区加油站",
      "open_date": "2003-09-01",
      "employees": "25",
      "cumul_revenue": 0.0,
      "sale_amount": 0.0,
      "passenger_flow": 0.0,
      "passenger_price": 0.0,
      "loil_lng_annual_saleslow": 34539.0,
      "oiling_machine": 8.0,
      "oil_gun": 40.0,
      "refind_oil_annual_sales": 32086.0,
      "annual_sales_92": 3064.0,
      "annual_sales_95": 1409.0,
      "annual_sales_98": 0.0,
      "annual_sales_0": 27613.0,
      "annual_pvenergy_output": 0.0,
      "pv_capacity": 0.0,
      "create_date": "2023-10-10 16:14:43",
      "rank": "1",
      "rank2": "1",
      "identifier": "",
      "newcompany_id": "4",
      "loil_lng_annual_sales": 3.45,
      "open_datenew": "2003年"
    },
    {
      "newoiling_machine": 8.0,
      "neweoil_gun": 40.0,
      "newemployees": 25.0,
      "newsale_amount": 0.0,
      "company_id": "10005885",
      "company_short_name": "高速石油",
      "company_name": "浙江高速石油发展有限公司",
      "introd_type": "门店简介",
      "shop_id": "32851981",
      "shop_name": "高速常山(下)加油站",
      "province": "浙江省",
      "longitude": "118.467663",
      "latitude": "28.917385",
      "business_id": "102",
      "business_type": "加油站",
      "adress": "常山县湖东乡金家畈村常山服务区加油站",
      "open_date": "2003-09-01",
      "employees": "25",
      "cumul_revenue": 0.0,
      "sale_amount": 0.0,
      "passenger_flow": 0.0,
      "passenger_price": 0.0,
      "loil_lng_annual_saleslow": 38869.0,
      "oiling_machine": 8.0,
      "oil_gun": 40.0,
      "refind_oil_annual_sales": 40762.0,
      "annual_sales_92": 2576.0,
      "annual_sales_95": 1262.0,
      "annual_sales_98": 0.0,
      "annual_sales_0": 36924.0,
      "annual_pvenergy_output": 0.0,
      "pv_capacity": 0.0,
      "create_date": "2023-10-10 16:14:43",
      "rank": "1",
      "rank2": "1",
      "identifier": "",
      "newcompany_id": "4",
      "loil_lng_annual_sales": 3.89,
      "open_datenew": "2003年"
    },
    {
      "newoiling_machine": 4.0,
      "neweoil_gun": 24.0,
      "newemployees": 7.0,
      "newsale_amount": 0.0,
      "company_id": "10005885",
      "company_short_name": "高速石油",
      "company_name": "浙江高速石油发展有限公司",
      "introd_type": "门店简介",
      "shop_id": "32855582",
      "shop_name": "高速常山停车区(上)加油站",
      "province": "浙江省",
      "longitude": "118.746221",
      "latitude": "29.177697",
      "business_id": "102",
      "business_type": "加油站",
      "adress": "衢州市常山县芳村镇横山路村杭停车区加油站",
      "open_date": "2017-01-13",
      "employees": "7",
      "cumul_revenue": 0.0,
      "sale_amount": 0.0,
      "passenger_flow": 0.0,
      "passenger_price": 0.0,
      "loil_lng_annual_saleslow": 2514.0,
      "oiling_machine": 4.0,
      "oil_gun": 24.0,
      "refind_oil_annual_sales": 2144.0,
      "annual_sales_92": 980.0,
      "annual_sales_95": 516.0,
      "annual_sales_98": 0.0,
      "annual_sales_0": 648.0,
      "annual_pvenergy_output": 0.0,
      "pv_capacity": 0.0,
      "create_date": "2023-10-10 16:14:49",
      "rank": "1",
      "rank2": "1",
      "identifier": "",
      "newcompany_id": "4",
      "loil_lng_annual_sales": 0.25,
      "open_datenew": "2017年"
    },
    {
      "newoiling_machine": 4.0,
      "neweoil_gun": 24.0,
      "newemployees": 7.0,
      "newsale_amount": 0.0,
      "company_id": "10005885",
      "company_short_name": "高速石油",
      "company_name": "浙江高速石油发展有限公司",
      "introd_type": "门店简介",
      "shop_id": "32855583",
      "shop_name": "高速常山停车区(下)加油站",
      "province": "浙江省",
      "longitude": "118.744766",
      "latitude": "29.178073",
      "business_id": "102",
      "business_type": "加油站",
      "adress": "衢州市常山县芳村镇横山路村杭停车区加油站",
      "open_date": "2017-01-13",
      "employees": "7",
      "cumul_revenue": 0.0,
      "sale_amount": 0.0,
      "passenger_flow": 0.0,
      "passenger_price": 0.0,
      "loil_lng_annual_saleslow": 1894.0,
      "oiling_machine": 4.0,
      "oil_gun": 24.0,
      "refind_oil_annual_sales": 1576.0,
      "annual_sales_92": 659.0,
      "annual_sales_95": 334.0,
      "annual_sales_98": 0.0,
      "annual_sales_0": 583.0,
      "annual_pvenergy_output": 0.0,
      "pv_capacity": 0.0,
      "create_date": "2023-10-10 16:14:49",
      "rank": "1",
      "rank2": "1",
      "identifier": "",
      "newcompany_id": "4",
      "loil_lng_annual_sales": 0.19,
      "open_datenew": "2017年"
    },
    {
      "newoiling_machine": 4.0,
      "neweoil_gun": 20.0,
      "newemployees": 8.0,
      "newsale_amount": 0.0,
      "company_id": "10005885",
      "company_short_name": "高速石油",
      "company_name": "浙江高速石油发展有限公司",
      "introd_type": "门店简介",
      "shop_id": "32855206",
      "shop_name": "高速庆元(上)加油站",
      "province": "浙江省",
      "longitude": "118.95117",
      "latitude": "27.777965",
      "business_id": "102",
      "business_type": "加油站",
      "adress": "丽水庆元县黄田镇黄坞村庆元服务区加油站",
      "open_date": "2013-06-30",
      "employees": "8",
      "cumul_revenue": 0.0,
      "sale_amount": 0.0,
      "passenger_flow": 0.0,
      "passenger_price": 0.0,
      "loil_lng_annual_saleslow": 1511.0,
      "oiling_machine": 4.0,
      "oil_gun": 20.0,
      "refind_oil_annual_sales": 1246.0,
      "annual_sales_92": 293.0,
      "annual_sales_95": 245.0,
      "annual_sales_98": 0.0,
      "annual_sales_0": 708.0,
      "annual_pvenergy_output": 0.0,
      "pv_capacity": 0.0,
      "create_date": "2023-10-10 16:14:49",
      "rank": "1",
      "rank2": "1",
      "identifier": "",
      "newcompany_id": "4",
      "loil_lng_annual_sales": 0.15,
      "open_datenew": "2013年"
    },
    {
      "newoiling_machine": 4.0,
      "neweoil_gun": 20.0,
      "newemployees": 8.0,
      "newsale_amount": 0.0,
      "company_id": "10005885",
      "company_short_name": "高速石油",
      "company_name": "浙江高速石油发展有限公司",
      "introd_type": "门店简介",
      "shop_id": "32855207",
      "shop_name": "高速庆元(下)加油站",
      "province": "浙江省",
      "longitude": "118.953342",
      "latitude": "27.780211",
      "business_id": "102",
      "business_type": "加油站",
      "adress": "丽水庆元县黄田镇黄坞村庆元服务区加油站",
      "open_date": "2013-06-27",
      "employees": "8",
      "cumul_revenue": 0.0,
      "sale_amount": 0.0,
      "passenger_flow": 0.0,
      "passenger_price": 0.0,
      "loil_lng_annual_saleslow": 1166.0,
      "oiling_machine": 4.0,
      "oil_gun": 20.0,
      "refind_oil_annual_sales": 1075.0,
      "annual_sales_92": 218.0,
      "annual_sales_95": 192.0,
      "annual_sales_98": 0.0,
      "annual_sales_0": 666.0,
      "annual_pvenergy_output": 0.0,
      "pv_capacity": 0.0,
      "create_date": "2023-10-10 16:14:49",
      "rank": "1",
      "rank2": "1",
      "identifier": "",
      "newcompany_id": "4",
      "loil_lng_annual_sales": 0.12,
      "open_datenew": "2013年"
    },
    {
      "newoiling_machine": 4.0,
      "neweoil_gun": 22.0,
      "newemployees": 13.0,
      "newsale_amount": 0.0,
      "company_id": "10005885",
      "company_short_name": "高速石油",
      "company_name": "浙江高速石油发展有限公司",
      "introd_type": "门店简介",
      "shop_id": "32855584",
      "shop_name": "高速开化(上)加油站",
      "province": "浙江省",
      "longitude": "118.329378",
      "latitude": "29.08728",
      "business_id": "102",
      "business_type": "加油站",
      "adress": "衢州市开化县池淮镇星口村开化龙顶服务区加油站",
      "open_date": "2017-01-10",
      "employees": "13",
      "cumul_revenue": 0.0,
      "sale_amount": 0.0,
      "passenger_flow": 0.0,
      "passenger_price": 0.0,
      "loil_lng_annual_saleslow": 9860.0,
      "oiling_machine": 4.0,
      "oil_gun": 22.0,
      "refind_oil_annual_sales": 6818.0,
      "annual_sales_92": 2632.0,
      "annual_sales_95": 1292.0,
      "annual_sales_98": 0.0,
      "annual_sales_0": 2894.0,
      "annual_pvenergy_output": 0.0,
      "pv_capacity": 0.0,
      "create_date": "2023-10-10 16:14:50",
      "rank": "1",
      "rank2": "1",
      "identifier": "",
      "newcompany_id": "4",
      "loil_lng_annual_sales": 0.99,
      "open_datenew": "2017年"
    },
    {
      "newoiling_machine": 4.0,
      "neweoil_gun": 22.0,
      "newemployees": 13.0,
      "newsale_amount": 0.0,
      "company_id": "10005885",
      "company_short_name": "高速石油",
      "company_name": "浙江高速石油发展有限公司",
      "introd_type": "门店简介",
      "shop_id": "32855586",
      "shop_name": "高速开化(下)加油站",
      "province": "浙江省",
      "longitude": "118.327808",
      "latitude": "29.088369",
      "business_id": "102",
      "business_type": "加油站",
      "adress": "衢州市开化县池淮镇星口村开化龙顶服务区加油站",
      "open_date": "2017-01-10",
      "employees": "13",
      "cumul_revenue": 0.0,
      "sale_amount": 0.0,
      "passenger_flow": 0.0,
      "passenger_price": 0.0,
      "loil_lng_annual_saleslow": 8242.0,
      "oiling_machine": 4.0,
      "oil_gun": 22.0,
      "refind_oil_annual_sales": 5964.0,
      "annual_sales_92": 2430.0,
      "annual_sales_95": 1139.0,
      "annual_sales_98": 0.0,
      "annual_sales_0": 2396.0,
      "annual_pvenergy_output": 0.0,
      "pv_capacity": 0.0,
      "create_date": "2023-10-10 16:14:50",
      "rank": "1",
      "rank2": "1",
      "identifier": "",
      "newcompany_id": "4",
      "loil_lng_annual_sales": 0.82,
      "open_datenew": "2017年"
    },
    {
      "newoiling_machine": 4.0,
      "neweoil_gun": 16.0,
      "newemployees": 11.0,
      "newsale_amount": 0.0,
      "company_id": "10005885",
      "company_short_name": "高速石油",
      "company_name": "浙江高速石油发展有限公司",
      "introd_type": "门店简介",
      "shop_id": "32852544",
      "shop_name": "高速张家渡(上)加油站",
      "province": "浙江省",
      "longitude": "120.990833",
      "latitude": "28.87702",
      "business_id": "102",
      "business_type": "加油站",
      "adress": "临海市括苍镇陈岙村张家渡服务区加油站",
      "open_date": "2006-12-28",
      "employees": "11",
      "cumul_revenue": 0.0,
      "sale_amount": 0.0,
      "passenger_flow": 0.0,
      "passenger_price": 0.0,
      "loil_lng_annual_saleslow": 12434.0,
      "oiling_machine": 4.0,
      "oil_gun": 16.0,
      "refind_oil_annual_sales": 11423.0,
      "annual_sales_92": 3112.0,
      "annual_sales_95": 2746.0,
      "annual_sales_98": 182.0,
      "annual_sales_0": 5384.0,
      "annual_pvenergy_output": 0.0,
      "pv_capacity": 0.0,
      "create_date": "2023-10-10 16:14:46",
      "rank": "1",
      "rank2": "1",
      "identifier": "",
      "newcompany_id": "4",
      "loil_lng_annual_sales": 1.24,
      "open_datenew": "2006年"
    },
    {
      "newoiling_machine": 4.0,
      "neweoil_gun": 16.0,
      "newemployees": 12.0,
      "newsale_amount": 0.0,
      "company_id": "10005885",
      "company_short_name": "高速石油",
      "company_name": "浙江高速石油发展有限公司",
      "introd_type": "门店简介",
      "shop_id": "32852543",
      "shop_name": "高速张家渡(下)加油站",
      "province": "浙江省",
      "longitude": "120.996346",
      "latitude": "28.876075",
      "business_id": "102",
      "business_type": "加油站",
      "adress": "临海市括苍镇陈岙村张家渡服务区加油站",
      "open_date": "2006-12-28",
      "employees": "12",
      "cumul_revenue": 0.0,
      "sale_amount": 0.0,
      "passenger_flow": 0.0,
      "passenger_price": 0.0,
      "loil_lng_annual_saleslow": 7008.0,
      "oiling_machine": 4.0,
      "oil_gun": 16.0,
      "refind_oil_annual_sales": 6429.0,
      "annual_sales_92": 2142.0,
      "annual_sales_95": 1768.0,
      "annual_sales_98": 94.0,
      "annual_sales_0": 2424.0,
      "annual_pvenergy_output": 0.0,
      "pv_capacity": 0.0,
      "create_date": "2023-10-10 16:14:46",
      "rank": "1",
      "rank2": "1",
      "identifier": "",
      "newcompany_id": "4",
      "loil_lng_annual_sales": 0.7,
      "open_datenew": "2006年"
    },
    {
      "newoiling_machine": 7.0,
      "neweoil_gun": 38.0,
      "newemployees": 18.0,
      "newsale_amount": 0.0,
      "company_id": "10005885",
      "company_short_name": "高速石油",
      "company_name": "浙江高速石油发展有限公司",
      "introd_type": "门店简介",
      "shop_id": "32852868",
      "shop_name": "高速德清(上)加油站",
      "province": "浙江省",
      "longitude": "120.311326",
      "latitude": "30.587208",
      "business_id": "102",
      "business_type": "加油站",
      "adress": "德清县禹越镇天皇殿村申嘉湖杭高速德清服务区加油站",
      "open_date": "2010-02-06",
      "employees": "18",
      "cumul_revenue": 0.0,
      "sale_amount": 0.0,
      "passenger_flow": 0.0,
      "passenger_price": 0.0,
      "loil_lng_annual_saleslow": 16642.0,
      "oiling_machine": 7.0,
      "oil_gun": 38.0,
      "refind_oil_annual_sales": 12844.0,
      "annual_sales_92": 2729.0,
      "annual_sales_95": 2604.0,
      "annual_sales_98": 109.0,
      "annual_sales_0": 7402.0,
      "annual_pvenergy_output": 0.0,
      "pv_capacity": 0.0,
      "create_date": "2023-10-10 16:14:48",
      "rank": "1",
      "rank2": "1",
      "identifier": "",
      "newcompany_id": "4",
      "loil_lng_annual_sales": 1.66,
      "open_datenew": "2010年"
    },
    {
      "newoiling_machine": 7.0,
      "neweoil_gun": 38.0,
      "newemployees": 19.0,
      "newsale_amount": 0.0,
      "company_id": "10005885",
      "company_short_name": "高速石油",
      "company_name": "浙江高速石油发展有限公司",
      "introd_type": "门店简介",
      "shop_id": "32852867",
      "shop_name": "高速德清(下)加油站",
      "province": "浙江省",
      "longitude": "120.308762",
      "latitude": "30.587076",
      "business_id": "102",
      "business_type": "加油站",
      "adress": "德清县禹越镇天皇殿村申嘉湖杭高速德清服务区加油站",
      "open_date": "2010-02-06",
      "employees": "19",
      "cumul_revenue": 0.0,
      "sale_amount": 0.0,
      "passenger_flow": 0.0,
      "passenger_price": 0.0,
      "loil_lng_annual_saleslow": 12590.0,
      "oiling_machine": 7.0,
      "oil_gun": 38.0,
      "refind_oil_annual_sales": 11220.0,
      "annual_sales_92": 3178.0,
      "annual_sales_95": 2793.0,
      "annual_sales_98": 117.0,
      "annual_sales_0": 5133.0,
      "annual_pvenergy_output": 0.0,
      "pv_capacity": 0.0,
      "create_date": "2023-10-10 16:14:48",
      "rank": "1",
      "rank2": "1",
      "identifier": "",
      "newcompany_id": "4",
      "loil_lng_annual_sales": 1.26,
      "open_datenew": "2010年"
    },
    {
      "newoiling_machine": 4.0,
      "neweoil_gun": 16.0,
      "newemployees": 10.0,
      "newsale_amount": 0.0,
      "company_id": "10005885",
      "company_short_name": "高速石油",
      "company_name": "浙江高速石油发展有限公司",
      "introd_type": "门店简介",
      "shop_id": "32851799",
      "shop_name": "高速新昌(上)加油站",
      "province": "浙江省",
      "longitude": "120.909519",
      "latitude": "29.485791",
      "business_id": "102",
      "business_type": "加油站",
      "adress": "新昌县城关镇新昌服务区加油站",
      "open_date": "2003-01-27",
      "employees": "10",
      "cumul_revenue": 0.0,
      "sale_amount": 0.0,
      "passenger_flow": 0.0,
      "passenger_price": 0.0,
      "loil_lng_annual_saleslow": 5782.0,
      "oiling_machine": 4.0,
      "oil_gun": 16.0,
      "refind_oil_annual_sales": 5478.0,
      "annual_sales_92": 1574.0,
      "annual_sales_95": 1556.0,
      "annual_sales_98": 0.0,
      "annual_sales_0": 2347.0,
      "annual_pvenergy_output": 0.0,
      "pv_capacity": 0.0,
      "create_date": "2023-10-10 16:14:41",
      "rank": "1",
      "rank2": "1",
      "identifier": "",
      "newcompany_id": "4",
      "loil_lng_annual_sales": 0.58,
      "open_datenew": "2003年"
    },
    {
      "newoiling_machine": 4.0,
      "neweoil_gun": 16.0,
      "newemployees": 10.0,
      "newsale_amount": 0.0,
      "company_id": "10005885",
      "company_short_name": "高速石油",
      "company_name": "浙江高速石油发展有限公司",
      "introd_type": "门店简介",
      "shop_id": "32851800",
      "shop_name": "高速新昌(下)加油站",
      "province": "浙江省",
      "longitude": "120.91046",
      "latitude": "29.484237",
      "business_id": "102",
      "business_type": "加油站",
      "adress": "新昌县城关镇新昌服务区加油站",
      "open_date": "2003-01-27",
      "employees": "10",
      "cumul_revenue": 0.0,
      "sale_amount": 0.0,
      "passenger_flow": 0.0,
      "passenger_price": 0.0,
      "loil_lng_annual_saleslow": 4881.0,
      "oiling_machine": 4.0,
      "oil_gun": 16.0,
      "refind_oil_annual_sales": 5675.0,
      "annual_sales_92": 1781.0,
      "annual_sales_95": 1766.0,
      "annual_sales_98": 0.0,
      "annual_sales_0": 2128.0,
      "annual_pvenergy_output": 0.0,
      "pv_capacity": 0.0,
      "create_date": "2023-10-10 16:14:41",
      "rank": "1",
      "rank2": "1",
      "identifier": "",
      "newcompany_id": "4",
      "loil_lng_annual_sales": 0.49,
      "open_datenew": "2003年"
    },
    {
      "newoiling_machine": 4.0,
      "neweoil_gun": 16.0,
      "newemployees": 9.0,
      "newsale_amount": 0.0,
      "company_id": "10005885",
      "company_short_name": "高速石油",
      "company_name": "浙江高速石油发展有限公司",
      "introd_type": "门店简介",
      "shop_id": "32856082",
      "shop_name": "高速方岩(上)加油站",
      "province": "浙江省",
      "longitude": "120.1138",
      "latitude": "28.5836",
      "business_id": "102",
      "business_type": "加油站",
      "adress": "永康市古山镇宁塘村东永高速方岩服务区加油站",
      "open_date": "2022-01-26",
      "employees": "9",
      "cumul_revenue": 0.0,
      "sale_amount": 0.0,
      "passenger_flow": 0.0,
      "passenger_price": 0.0,
      "loil_lng_annual_saleslow": 3811.0,
      "oiling_machine": 4.0,
      "oil_gun": 16.0,
      "refind_oil_annual_sales": 4528.0,
      "annual_sales_92": 1466.0,
      "annual_sales_95": 1346.0,
      "annual_sales_98": 61.0,
      "annual_sales_0": 1656.0,
      "annual_pvenergy_output": 0.0,
      "pv_capacity": 0.0,
      "create_date": "2023-10-10 16:14:57",
      "rank": "1",
      "rank2": "1",
      "identifier": "",
      "newcompany_id": "4",
      "loil_lng_annual_sales": 0.38,
      "open_datenew": "2022年"
    },
    {
      "newoiling_machine": 4.0,
      "neweoil_gun": 16.0,
      "newemployees": 9.0,
      "newsale_amount": 0.0,
      "company_id": "10005885",
      "company_short_name": "高速石油",
      "company_name": "浙江高速石油发展有限公司",
      "introd_type": "门店简介",
      "shop_id": "32856083",
      "shop_name": "高速方岩(下)加油站",
      "province": "浙江省",
      "longitude": "120.1134",
      "latitude": "28.5837",
      "business_id": "102",
      "business_type": "加油站",
      "adress": "永康市古山镇宁塘村东永高速方岩服务区加油站",
      "open_date": "2022-01-26",
      "employees": "9",
      "cumul_revenue": 0.0,
      "sale_amount": 0.0,
      "passenger_flow": 0.0,
      "passenger_price": 0.0,
      "loil_lng_annual_saleslow": 2595.0,
      "oiling_machine": 4.0,
      "oil_gun": 16.0,
      "refind_oil_annual_sales": 3041.0,
      "annual_sales_92": 1019.0,
      "annual_sales_95": 890.0,
      "annual_sales_98": 41.0,
      "annual_sales_0": 1091.0,
      "annual_pvenergy_output": 0.0,
      "pv_capacity": 0.0,
      "create_date": "2023-10-10 16:14:57",
      "rank": "1",
      "rank2": "1",
      "identifier": "",
      "newcompany_id": "4",
      "loil_lng_annual_sales": 0.26,
      "open_datenew": "2022年"
    },
    {
      "newoiling_machine": 4.0,
      "neweoil_gun": 16.0,
      "newemployees": 8.0,
      "newsale_amount": 0.0,
      "company_id": "10005885",
      "company_short_name": "高速石油",
      "company_name": "浙江高速石油发展有限公司",
      "introd_type": "门店简介",
      "shop_id": "32852547",
      "shop_name": "高速松阳(上)加油站",
      "province": "浙江省",
      "longitude": "119.443036",
      "latitude": "28.455548",
      "business_id": "102",
      "business_type": "加油站",
      "adress": "松阳县叶村乡官田村（寺山村）松阳服务区加油站",
      "open_date": "2007-01-01",
      "employees": "8",
      "cumul_revenue": 0.0,
      "sale_amount": 0.0,
      "passenger_flow": 0.0,
      "passenger_price": 0.0,
      "loil_lng_annual_saleslow": 3134.0,
      "oiling_machine": 4.0,
      "oil_gun": 16.0,
      "refind_oil_annual_sales": 2768.0,
      "annual_sales_92": 1255.0,
      "annual_sales_95": 672.0,
      "annual_sales_98": 11.0,
      "annual_sales_0": 831.0,
      "annual_pvenergy_output": 0.0,
      "pv_capacity": 0.0,
      "create_date": "2023-10-10 16:14:45",
      "rank": "1",
      "rank2": "1",
      "identifier": "",
      "newcompany_id": "4",
      "loil_lng_annual_sales": 0.31,
      "open_datenew": "2007年"
    },
    {
      "newoiling_machine": 4.0,
      "neweoil_gun": 16.0,
      "newemployees": 8.0,
      "newsale_amount": 0.0,
      "company_id": "10005885",
      "company_short_name": "高速石油",
      "company_name": "浙江高速石油发展有限公司",
      "introd_type": "门店简介",
      "shop_id": "32852548",
      "shop_name": "高速松阳(下)加油站",
      "province": "浙江省",
      "longitude": "119.444616",
      "latitude": "28.451256",
      "business_id": "102",
      "business_type": "加油站",
      "adress": "松阳县叶村乡官田村（寺山村）松阳服务区加油站",
      "open_date": "2007-01-01",
      "employees": "8",
      "cumul_revenue": 0.0,
      "sale_amount": 0.0,
      "passenger_flow": 0.0,
      "passenger_price": 0.0,
      "loil_lng_annual_saleslow": 3477.0,
      "oiling_machine": 4.0,
      "oil_gun": 16.0,
      "refind_oil_annual_sales": 2952.0,
      "annual_sales_92": 1166.0,
      "annual_sales_95": 726.0,
      "annual_sales_98": 9.0,
      "annual_sales_0": 1051.0,
      "annual_pvenergy_output": 0.0,
      "pv_capacity": 0.0,
      "create_date": "2023-10-10 16:14:45",
      "rank": "1",
      "rank2": "1",
      "identifier": "",
      "newcompany_id": "4",
      "loil_lng_annual_sales": 0.35,
      "open_datenew": "2007年"
    },
    {
      "newoiling_machine": 4.0,
      "neweoil_gun": 22.0,
      "newemployees": 13.0,
      "newsale_amount": 0.0,
      "company_id": "10005885",
      "company_short_name": "高速石油",
      "company_name": "浙江高速石油发展有限公司",
      "introd_type": "门店简介",
      "shop_id": "32852939",
      "shop_name": "高速桥头(上)加油站",
      "province": "浙江省",
      "longitude": "120.521996",
      "latitude": "28.143701",
      "business_id": "102",
      "business_type": "加油站",
      "adress": "温州市永嘉县桥头镇洛溪村金丽温高速桥头服务区加油站",
      "open_date": "2010-10-02",
      "employees": "13",
      "cumul_revenue": 0.0,
      "sale_amount": 0.0,
      "passenger_flow": 0.0,
      "passenger_price": 0.0,
      "loil_lng_annual_saleslow": 9516.0,
      "oiling_machine": 4.0,
      "oil_gun": 22.0,
      "refind_oil_annual_sales": 7344.0,
      "annual_sales_92": 2122.0,
      "annual_sales_95": 1493.0,
      "annual_sales_98": 88.0,
      "annual_sales_0": 3641.0,
      "annual_pvenergy_output": 0.0,
      "pv_capacity": 0.0,
      "create_date": "2023-10-10 16:14:48",
      "rank": "1",
      "rank2": "1",
      "identifier": "",
      "newcompany_id": "4",
      "loil_lng_annual_sales": 0.95,
      "open_datenew": "2010年"
    },
    {
      "newoiling_machine": 4.0,
      "neweoil_gun": 18.0,
      "newemployees": 12.0,
      "newsale_amount": 0.0,
      "company_id": "10005885",
      "company_short_name": "高速石油",
      "company_name": "浙江高速石油发展有限公司",
      "introd_type": "门店简介",
      "shop_id": "32852940",
      "shop_name": "高速桥头(下)加油站",
      "province": "浙江省",
      "longitude": "120.52524",
      "latitude": "28.142747",
      "business_id": "102",
      "business_type": "加油站",
      "adress": "温州市永嘉县桥头镇洛溪村金丽温高速桥头服务区加油站",
      "open_date": "2010-10-02",
      "employees": "12",
      "cumul_revenue": 0.0,
      "sale_amount": 0.0,
      "passenger_flow": 0.0,
      "passenger_price": 0.0,
      "loil_lng_annual_saleslow": 5918.0,
      "oiling_machine": 4.0,
      "oil_gun": 18.0,
      "refind_oil_annual_sales": 4545.0,
      "annual_sales_92": 1421.0,
      "annual_sales_95": 1059.0,
      "annual_sales_98": 72.0,
      "annual_sales_0": 1992.0,
      "annual_pvenergy_output": 0.0,
      "pv_capacity": 0.0,
      "create_date": "2023-10-10 16:14:48",
      "rank": "1",
      "rank2": "1",
      "identifier": "",
      "newcompany_id": "4",
      "loil_lng_annual_sales": 0.59,
      "open_datenew": "2010年"
    },
    {
      "newoiling_machine": 4.0,
      "neweoil_gun": 16.0,
      "newemployees": 10.0,
      "newsale_amount": 0.0,
      "company_id": "10005885",
      "company_short_name": "高速石油",
      "company_name": "浙江高速石油发展有限公司",
      "introd_type": "门店简介",
      "shop_id": "32851810",
      "shop_name": "高速梅林(上)加油站",
      "province": "浙江省",
      "longitude": "121.455967",
      "latitude": "29.388288",
      "business_id": "102",
      "business_type": "加油站",
      "adress": "宁海县梅林镇塔山村梅林服务区加油站",
      "open_date": "2002-09-20",
      "employees": "10",
      "cumul_revenue": 0.0,
      "sale_amount": 0.0,
      "passenger_flow": 0.0,
      "passenger_price": 0.0,
      "loil_lng_annual_saleslow": 6104.0,
      "oiling_machine": 4.0,
      "oil_gun": 16.0,
      "refind_oil_annual_sales": 5242.0,
      "annual_sales_92": 1570.0,
      "annual_sales_95": 1503.0,
      "annual_sales_98": 0.0,
      "annual_sales_0": 2168.0,
      "annual_pvenergy_output": 0.0,
      "pv_capacity": 0.0,
      "create_date": "2023-10-10 16:14:41",
      "rank": "1",
      "rank2": "1",
      "identifier": "",
      "newcompany_id": "4",
      "loil_lng_annual_sales": 0.61,
      "open_datenew": "2002年"
    },
    {
      "newoiling_machine": 4.0,
      "neweoil_gun": 16.0,
      "newemployees": 10.0,
      "newsale_amount": 0.0,
      "company_id": "10005885",
      "company_short_name": "高速石油",
      "company_name": "浙江高速石油发展有限公司",
      "introd_type": "门店简介",
      "shop_id": "32851811",
      "shop_name": "高速梅林(下)加油站",
      "province": "浙江省",
      "longitude": "121.456024",
      "latitude": "29.38995",
      "business_id": "102",
      "business_type": "加油站",
      "adress": "宁海县梅林镇塔山村梅林服务区加油站",
      "open_date": "2002-09-20",
      "employees": "10",
      "cumul_revenue": 0.0,
      "sale_amount": 0.0,
      "passenger_flow": 0.0,
      "passenger_price": 0.0,
      "loil_lng_annual_saleslow": 4806.0,
      "oiling_machine": 4.0,
      "oil_gun": 16.0,
      "refind_oil_annual_sales": 4015.0,
      "annual_sales_92": 1123.0,
      "annual_sales_95": 1036.0,
      "annual_sales_98": 0.0,
      "annual_sales_0": 1856.0,
      "annual_pvenergy_output": 0.0,
      "pv_capacity": 0.0,
      "create_date": "2023-10-10 16:14:41",
      "rank": "1",
      "rank2": "1",
      "identifier": "",
      "newcompany_id": "4",
      "loil_lng_annual_sales": 0.48,
      "open_datenew": "2002年"
    },
    {
      "newoiling_machine": 4.0,
      "neweoil_gun": 16.0,
      "newemployees": 12.0,
      "newsale_amount": 0.0,
      "company_id": "10005885",
      "company_short_name": "高速石油",
      "company_name": "浙江高速石油发展有限公司",
      "introd_type": "门店简介",
      "shop_id": "32851791",
      "shop_name": "高速武义(上)加油站",
      "province": "浙江省",
      "longitude": "119.952626",
      "latitude": "28.869119",
      "business_id": "102",
      "business_type": "加油站",
      "adress": "金华市武义桐琴镇金丽温高速公路武义服务区加油站",
      "open_date": "2002-12-20",
      "employees": "12",
      "cumul_revenue": 0.0,
      "sale_amount": 0.0,
      "passenger_flow": 0.0,
      "passenger_price": 0.0,
      "loil_lng_annual_saleslow": 4374.0,
      "oiling_machine": 4.0,
      "oil_gun": 16.0,
      "refind_oil_annual_sales": 4768.0,
      "annual_sales_92": 1584.0,
      "annual_sales_95": 1129.0,
      "annual_sales_98": 61.0,
      "annual_sales_0": 1993.0,
      "annual_pvenergy_output": 0.0,
      "pv_capacity": 0.0,
      "create_date": "2023-10-10 16:14:43",
      "rank": "1",
      "rank2": "1",
      "identifier": "",
      "newcompany_id": "4",
      "loil_lng_annual_sales": 0.44,
      "open_datenew": "2002年"
    },
    {
      "newoiling_machine": 4.0,
      "neweoil_gun": 16.0,
      "newemployees": 11.0,
      "newsale_amount": 0.0,
      "company_id": "10005885",
      "company_short_name": "高速石油",
      "company_name": "浙江高速石油发展有限公司",
      "introd_type": "门店简介",
      "shop_id": "32851792",
      "shop_name": "高速武义(下)加油站",
      "province": "浙江省",
      "longitude": "119.950789",
      "latitude": "28.87023",
      "business_id": "102",
      "business_type": "加油站",
      "adress": "金华市武义桐琴镇金丽温高速公路武义服务区加油站",
      "open_date": "2002-12-20",
      "employees": "11",
      "cumul_revenue": 0.0,
      "sale_amount": 0.0,
      "passenger_flow": 0.0,
      "passenger_price": 0.0,
      "loil_lng_annual_saleslow": 5423.0,
      "oiling_machine": 4.0,
      "oil_gun": 16.0,
      "refind_oil_annual_sales": 6285.0,
      "annual_sales_92": 2433.0,
      "annual_sales_95": 1677.0,
      "annual_sales_98": 90.0,
      "annual_sales_0": 2085.0,
      "annual_pvenergy_output": 0.0,
      "pv_capacity": 0.0,
      "create_date": "2023-10-10 16:14:43",
      "rank": "1",
      "rank2": "1",
      "identifier": "",
      "newcompany_id": "4",
      "loil_lng_annual_sales": 0.54,
      "open_datenew": "2002年"
    },
    {
      "newoiling_machine": 4.0,
      "neweoil_gun": 16.0,
      "newemployees": 8.0,
      "newsale_amount": 0.0,
      "company_id": "10005885",
      "company_short_name": "高速石油",
      "company_name": "浙江高速石油发展有限公司",
      "introd_type": "门店简介",
      "shop_id": "32852660",
      "shop_name": "高速永康(上)加油站",
      "province": "浙江省",
      "longitude": "120.173303",
      "latitude": "28.797785",
      "business_id": "102",
      "business_type": "加油站",
      "adress": "永康市舟山镇舟一村台金高速永康服务区加油站",
      "open_date": "2009-01-01",
      "employees": "8",
      "cumul_revenue": 0.0,
      "sale_amount": 0.0,
      "passenger_flow": 0.0,
      "passenger_price": 0.0,
      "loil_lng_annual_saleslow": 2897.0,
      "oiling_machine": 4.0,
      "oil_gun": 16.0,
      "refind_oil_annual_sales": 2744.0,
      "annual_sales_92": 920.0,
      "annual_sales_95": 631.0,
      "annual_sales_98": 23.0,
      "annual_sales_0": 1170.0,
      "annual_pvenergy_output": 0.0,
      "pv_capacity": 0.0,
      "create_date": "2023-10-10 16:14:47",
      "rank": "1",
      "rank2": "1",
      "identifier": "",
      "newcompany_id": "4",
      "loil_lng_annual_sales": 0.29,
      "open_datenew": "2009年"
    },
    {
      "newoiling_machine": 4.0,
      "neweoil_gun": 16.0,
      "newemployees": 8.0,
      "newsale_amount": 0.0,
      "company_id": "10005885",
      "company_short_name": "高速石油",
      "company_name": "浙江高速石油发展有限公司",
      "introd_type": "门店简介",
      "shop_id": "32852661",
      "shop_name": "高速永康(下)加油站",
      "province": "浙江省",
      "longitude": "120.177808",
      "latitude": "28.795634",
      "business_id": "102",
      "business_type": "加油站",
      "adress": "永康市舟山镇舟一村台金高速永康服务区加油站",
      "open_date": "2009-01-01",
      "employees": "8",
      "cumul_revenue": 0.0,
      "sale_amount": 0.0,
      "passenger_flow": 0.0,
      "passenger_price": 0.0,
      "loil_lng_annual_saleslow": 2424.0,
      "oiling_machine": 4.0,
      "oil_gun": 16.0,
      "refind_oil_annual_sales": 2291.0,
      "annual_sales_92": 863.0,
      "annual_sales_95": 525.0,
      "annual_sales_98": 18.0,
      "annual_sales_0": 885.0,
      "annual_pvenergy_output": 0.0,
      "pv_capacity": 0.0,
      "create_date": "2023-10-10 16:14:47",
      "rank": "1",
      "rank2": "1",
      "identifier": "",
      "newcompany_id": "4",
      "loil_lng_annual_sales": 0.24,
      "open_datenew": "2009年"
    },
    {
      "newoiling_machine": 4.0,
      "neweoil_gun": 16.0,
      "newemployees": 8.0,
      "newsale_amount": 0.0,
      "company_id": "10005885",
      "company_short_name": "高速石油",
      "company_name": "浙江高速石油发展有限公司",
      "introd_type": "门店简介",
      "shop_id": "32852851",
      "shop_name": "高速江山(上)加油站",
      "province": "浙江省",
      "longitude": "118.681895",
      "latitude": "28.813615",
      "business_id": "102",
      "business_type": "加油站",
      "adress": "江山市上余镇后庄村黄衢南江山服务区加油站",
      "open_date": "2010-01-01",
      "employees": "8",
      "cumul_revenue": 0.0,
      "sale_amount": 0.0,
      "passenger_flow": 0.0,
      "passenger_price": 0.0,
      "loil_lng_annual_saleslow": 4508.0,
      "oiling_machine": 4.0,
      "oil_gun": 16.0,
      "refind_oil_annual_sales": 3895.0,
      "annual_sales_92": 1121.0,
      "annual_sales_95": 916.0,
      "annual_sales_98": 0.0,
      "annual_sales_0": 1858.0,
      "annual_pvenergy_output": 0.0,
      "pv_capacity": 0.0,
      "create_date": "2023-10-10 16:14:48",
      "rank": "1",
      "rank2": "1",
      "identifier": "",
      "newcompany_id": "4",
      "loil_lng_annual_sales": 0.45,
      "open_datenew": "2010年"
    },
    {
      "newoiling_machine": 4.0,
      "neweoil_gun": 16.0,
      "newemployees": 8.0,
      "newsale_amount": 0.0,
      "company_id": "10005885",
      "company_short_name": "高速石油",
      "company_name": "浙江高速石油发展有限公司",
      "introd_type": "门店简介",
      "shop_id": "32852852",
      "shop_name": "高速江山(下)加油站",
      "province": "浙江省",
      "longitude": "118.683815",
      "latitude": "28.815399",
      "business_id": "102",
      "business_type": "加油站",
      "adress": "江山市上余镇后庄村黄衢南江山服务区加油站",
      "open_date": "2010-01-01",
      "employees": "8",
      "cumul_revenue": 0.0,
      "sale_amount": 0.0,
      "passenger_flow": 0.0,
      "passenger_price": 0.0,
      "loil_lng_annual_saleslow": 3270.0,
      "oiling_machine": 4.0,
      "oil_gun": 16.0,
      "refind_oil_annual_sales": 2498.0,
      "annual_sales_92": 734.0,
      "annual_sales_95": 571.0,
      "annual_sales_98": 0.0,
      "annual_sales_0": 1194.0,
      "annual_pvenergy_output": 0.0,
      "pv_capacity": 0.0,
      "create_date": "2023-10-10 16:14:48",
      "rank": "1",
      "rank2": "1",
      "identifier": "",
      "newcompany_id": "4",
      "loil_lng_annual_sales": 0.33,
      "open_datenew": "2010年"
    },
    {
      "newoiling_machine": 4.0,
      "neweoil_gun": 24.0,
      "newemployees": 12.0,
      "newsale_amount": 0.0,
      "company_id": "10005885",
      "company_short_name": "高速石油",
      "company_name": "浙江高速石油发展有限公司",
      "introd_type": "门店简介",
      "shop_id": "32856153",
      "shop_name": "高速清江(上)加油站",
      "province": "浙江省",
      "longitude": "121.121736",
      "latitude": "28.291917",
      "business_id": "102",
      "business_type": "加油站",
      "adress": "浙江省温州乐清市清江镇甬台温高速公路清江服务区内",
      "open_date": "2022-01-01",
      "employees": "12",
      "cumul_revenue": 0.0,
      "sale_amount": 0.0,
      "passenger_flow": 0.0,
      "passenger_price": 0.0,
      "loil_lng_annual_saleslow": 11971.0,
      "oiling_machine": 4.0,
      "oil_gun": 24.0,
      "refind_oil_annual_sales": 10762.0,
      "annual_sales_92": 2509.0,
      "annual_sales_95": 2311.0,
      "annual_sales_98": 109.0,
      "annual_sales_0": 5833.0,
      "annual_pvenergy_output": 0.0,
      "pv_capacity": 0.0,
      "create_date": "2023-10-10 16:14:57",
      "rank": "1",
      "rank2": "1",
      "identifier": "",
      "newcompany_id": "4",
      "loil_lng_annual_sales": 1.2,
      "open_datenew": "2022年"
    },
    {
      "newoiling_machine": 4.0,
      "neweoil_gun": 24.0,
      "newemployees": 12.0,
      "newsale_amount": 0.0,
      "company_id": "10005885",
      "company_short_name": "高速石油",
      "company_name": "浙江高速石油发展有限公司",
      "introd_type": "门店简介",
      "shop_id": "32856156",
      "shop_name": "高速清江(下)加油站",
      "province": "浙江省",
      "longitude": "121.120241",
      "latitude": "28.290759",
      "business_id": "102",
      "business_type": "加油站",
      "adress": "浙江省温州乐清市清江镇甬台温高速公路清江服务区内",
      "open_date": "2022-01-01",
      "employees": "12",
      "cumul_revenue": 0.0,
      "sale_amount": 0.0,
      "passenger_flow": 0.0,
      "passenger_price": 0.0,
      "loil_lng_annual_saleslow": 8472.0,
      "oiling_machine": 4.0,
      "oil_gun": 24.0,
      "refind_oil_annual_sales": 7541.0,
      "annual_sales_92": 1900.0,
      "annual_sales_95": 1757.0,
      "annual_sales_98": 63.0,
      "annual_sales_0": 3822.0,
      "annual_pvenergy_output": 0.0,
      "pv_capacity": 0.0,
      "create_date": "2023-10-10 16:14:57",
      "rank": "1",
      "rank2": "1",
      "identifier": "",
      "newcompany_id": "4",
      "loil_lng_annual_sales": 0.85,
      "open_datenew": "2022年"
    },
    {
      "newoiling_machine": 3.0,
      "neweoil_gun": 16.0,
      "newemployees": 15.0,
      "newsale_amount": 0.0,
      "company_id": "10005885",
      "company_short_name": "高速石油",
      "company_name": "浙江高速石油发展有限公司",
      "introd_type": "门店简介",
      "shop_id": "32856152",
      "shop_name": "高速温州加油站",
      "province": "浙江省",
      "longitude": "120.4113",
      "latitude": "27.561",
      "business_id": "102",
      "business_type": "加油站",
      "adress": "浙江省温州市瓯海区南白象街道甬台温高速温州服务区内",
      "open_date": "2022-01-01",
      "employees": "15",
      "cumul_revenue": 0.0,
      "sale_amount": 0.0,
      "passenger_flow": 0.0,
      "passenger_price": 0.0,
      "loil_lng_annual_saleslow": 6841.0,
      "oiling_machine": 3.0,
      "oil_gun": 16.0,
      "refind_oil_annual_sales": 5781.0,
      "annual_sales_92": 1963.0,
      "annual_sales_95": 1581.0,
      "annual_sales_98": 0.0,
      "annual_sales_0": 2237.0,
      "annual_pvenergy_output": 0.0,
      "pv_capacity": 0.0,
      "create_date": "2023-10-10 16:14:57",
      "rank": "1",
      "rank2": "1",
      "identifier": "",
      "newcompany_id": "4",
      "loil_lng_annual_sales": 0.68,
      "open_datenew": "2022年"
    },
    {
      "newoiling_machine": 5.0,
      "neweoil_gun": 22.0,
      "newemployees": 13.0,
      "newsale_amount": 0.0,
      "company_id": "10005885",
      "company_short_name": "高速石油",
      "company_name": "浙江高速石油发展有限公司",
      "introd_type": "门店简介",
      "shop_id": "32852525",
      "shop_name": "高速湖州(上)加油站",
      "province": "浙江省",
      "longitude": "120.226793",
      "latitude": "30.899181",
      "business_id": "102",
      "business_type": "加油站",
      "adress": "湖州市吴兴区八里店镇塘红村申苏浙皖湖州服务区加油站",
      "open_date": "2006-10-30",
      "employees": "13",
      "cumul_revenue": 0.0,
      "sale_amount": 0.0,
      "passenger_flow": 0.0,
      "passenger_price": 0.0,
      "loil_lng_annual_saleslow": 8186.0,
      "oiling_machine": 5.0,
      "oil_gun": 22.0,
      "refind_oil_annual_sales": 8426.0,
      "annual_sales_92": 3150.0,
      "annual_sales_95": 2688.0,
      "annual_sales_98": 128.0,
      "annual_sales_0": 2461.0,
      "annual_pvenergy_output": 0.0,
      "pv_capacity": 0.0,
      "create_date": "2023-10-10 16:14:44",
      "rank": "1",
      "rank2": "1",
      "identifier": "",
      "newcompany_id": "4",
      "loil_lng_annual_sales": 0.82,
      "open_datenew": "2006年"
    },
    {
      "newoiling_machine": 5.0,
      "neweoil_gun": 22.0,
      "newemployees": 13.0,
      "newsale_amount": 0.0,
      "company_id": "10005885",
      "company_short_name": "高速石油",
      "company_name": "浙江高速石油发展有限公司",
      "introd_type": "门店简介",
      "shop_id": "32852526",
      "shop_name": "高速湖州(下)加油站",
      "province": "浙江省",
      "longitude": "120.229027",
      "latitude": "30.897291",
      "business_id": "102",
      "business_type": "加油站",
      "adress": "湖州市吴兴区八里店镇塘红村申苏浙皖湖州服务区加油站",
      "open_date": "2006-10-30",
      "employees": "13",
      "cumul_revenue": 0.0,
      "sale_amount": 0.0,
      "passenger_flow": 0.0,
      "passenger_price": 0.0,
      "loil_lng_annual_saleslow": 7136.0,
      "oiling_machine": 5.0,
      "oil_gun": 22.0,
      "refind_oil_annual_sales": 7428.0,
      "annual_sales_92": 2807.0,
      "annual_sales_95": 2524.0,
      "annual_sales_98": 134.0,
      "annual_sales_0": 1963.0,
      "annual_pvenergy_output": 0.0,
      "pv_capacity": 0.0,
      "create_date": "2023-10-10 16:14:44",
      "rank": "1",
      "rank2": "1",
      "identifier": "",
      "newcompany_id": "4",
      "loil_lng_annual_sales": 0.71,
      "open_datenew": "2006年"
    },
    {
      "newoiling_machine": 4.0,
      "neweoil_gun": 20.0,
      "newemployees": 8.0,
      "newsale_amount": 0.0,
      "company_id": "10005885",
      "company_short_name": "高速石油",
      "company_name": "浙江高速石油发展有限公司",
      "introd_type": "门店简介",
      "shop_id": "32856240",
      "shop_name": "高速潜川(上)",
      "province": "浙江省",
      "longitude": "119.2157",
      "latitude": "30.715",
      "business_id": "102",
      "business_type": "加油站",
      "adress": "杭州市临安区於潜镇堰口村潜川停车区",
      "open_date": "2023-09-15",
      "employees": "8",
      "cumul_revenue": 0.0,
      "sale_amount": 0.0,
      "passenger_flow": 0.0,
      "passenger_price": 0.0,
      "loil_lng_annual_saleslow": 0.0,
      "oiling_machine": 4.0,
      "oil_gun": 20.0,
      "refind_oil_annual_sales": 51.0,
      "annual_sales_92": 28.0,
      "annual_sales_95": 13.0,
      "annual_sales_98": 0.0,
      "annual_sales_0": 10.0,
      "annual_pvenergy_output": 0.0,
      "pv_capacity": 0.0,
      "create_date": "2023-10-10 16:14:59",
      "rank": "1",
      "rank2": "1",
      "identifier": "",
      "newcompany_id": "4",
      "loil_lng_annual_sales": 0.0,
      "open_datenew": "2023年"
    },
    {
      "newoiling_machine": 4.0,
      "neweoil_gun": 20.0,
      "newemployees": 8.0,
      "newsale_amount": 0.0,
      "company_id": "10005885",
      "company_short_name": "高速石油",
      "company_name": "浙江高速石油发展有限公司",
      "introd_type": "门店简介",
      "shop_id": "32856246",
      "shop_name": "高速潜川(下)",
      "province": "浙江省",
      "longitude": "119.2151",
      "latitude": "30.712",
      "business_id": "102",
      "business_type": "加油站",
      "adress": "杭州市临安区於潜镇堰口村潜川停车区",
      "open_date": "2023-09-15",
      "employees": "8",
      "cumul_revenue": 0.0,
      "sale_amount": 0.0,
      "passenger_flow": 0.0,
      "passenger_price": 0.0,
      "loil_lng_annual_saleslow": 0.0,
      "oiling_machine": 4.0,
      "oil_gun": 20.0,
      "refind_oil_annual_sales": 29.0,
      "annual_sales_92": 14.0,
      "annual_sales_95": 8.0,
      "annual_sales_98": 0.0,
      "annual_sales_0": 7.0,
      "annual_pvenergy_output": 0.0,
      "pv_capacity": 0.0,
      "create_date": "2023-10-10 16:14:59",
      "rank": "1",
      "rank2": "1",
      "identifier": "",
      "newcompany_id": "4",
      "loil_lng_annual_sales": 0.0,
      "open_datenew": "2023年"
    },
    {
      "newoiling_machine": 8.0,
      "neweoil_gun": 32.0,
      "newemployees": 14.0,
      "newsale_amount": 0.0,
      "company_id": "10005885",
      "company_short_name": "高速石油",
      "company_name": "浙江高速石油发展有限公司",
      "introd_type": "门店简介",
      "shop_id": "32854598",
      "shop_name": "高速芳村加油站",
      "province": "浙江省",
      "longitude": "118.623393",
      "latitude": "29.014354",
      "business_id": "102",
      "business_type": "加油站",
      "adress": "常山县芳村镇蒙淤村黄衢南高速公路芳村停车区加油站",
      "open_date": "2011-01-28",
      "employees": "14",
      "cumul_revenue": 0.0,
      "sale_amount": 0.0,
      "passenger_flow": 0.0,
      "passenger_price": 0.0,
      "loil_lng_annual_saleslow": 5726.0,
      "oiling_machine": 8.0,
      "oil_gun": 32.0,
      "refind_oil_annual_sales": 5248.0,
      "annual_sales_92": 2556.0,
      "annual_sales_95": 1268.0,
      "annual_sales_98": 0.0,
      "annual_sales_0": 1424.0,
      "annual_pvenergy_output": 0.0,
      "pv_capacity": 0.0,
      "create_date": "2023-10-10 16:14:49",
      "rank": "1",
      "rank2": "1",
      "identifier": "",
      "newcompany_id": "4",
      "loil_lng_annual_sales": 0.57,
      "open_datenew": "2011年"
    },
    {
      "newoiling_machine": 4.0,
      "neweoil_gun": 20.0,
      "newemployees": 13.0,
      "newsale_amount": 0.0,
      "company_id": "10005885",
      "company_short_name": "高速石油",
      "company_name": "浙江高速石油发展有限公司",
      "introd_type": "门店简介",
      "shop_id": "32856154",
      "shop_name": "高速苍南(上)加油站",
      "province": "浙江省",
      "longitude": "120.2236",
      "latitude": "27.3042",
      "business_id": "102",
      "business_type": "加油站",
      "adress": "浙江省温州市苍南县灵溪镇浦亭甬台温高速苍南服务区",
      "open_date": "2022-01-01",
      "employees": "13",
      "cumul_revenue": 0.0,
      "sale_amount": 0.0,
      "passenger_flow": 0.0,
      "passenger_price": 0.0,
      "loil_lng_annual_saleslow": 7272.0,
      "oiling_machine": 4.0,
      "oil_gun": 20.0,
      "refind_oil_annual_sales": 5331.0,
      "annual_sales_92": 1174.0,
      "annual_sales_95": 995.0,
      "annual_sales_98": 54.0,
      "annual_sales_0": 3108.0,
      "annual_pvenergy_output": 0.0,
      "pv_capacity": 0.0,
      "create_date": "2023-10-10 16:14:57",
      "rank": "1",
      "rank2": "1",
      "identifier": "",
      "newcompany_id": "4",
      "loil_lng_annual_sales": 0.73,
      "open_datenew": "2022年"
    },
    {
      "newoiling_machine": 4.0,
      "neweoil_gun": 20.0,
      "newemployees": 13.0,
      "newsale_amount": 0.0,
      "company_id": "10005885",
      "company_short_name": "高速石油",
      "company_name": "浙江高速石油发展有限公司",
      "introd_type": "门店简介",
      "shop_id": "32856155",
      "shop_name": "高速苍南(下)加油站",
      "province": "浙江省",
      "longitude": "120.223",
      "latitude": "27.3041",
      "business_id": "102",
      "business_type": "加油站",
      "adress": "浙江省温州市苍南县灵溪镇浦亭甬台温高速苍南服务区",
      "open_date": "2022-01-01",
      "employees": "13",
      "cumul_revenue": 0.0,
      "sale_amount": 0.0,
      "passenger_flow": 0.0,
      "passenger_price": 0.0,
      "loil_lng_annual_saleslow": 7925.0,
      "oiling_machine": 4.0,
      "oil_gun": 20.0,
      "refind_oil_annual_sales": 8728.0,
      "annual_sales_92": 1815.0,
      "annual_sales_95": 1622.0,
      "annual_sales_98": 73.0,
      "annual_sales_0": 5218.0,
      "annual_pvenergy_output": 0.0,
      "pv_capacity": 0.0,
      "create_date": "2023-10-10 16:14:57",
      "rank": "1",
      "rank2": "1",
      "identifier": "",
      "newcompany_id": "4",
      "loil_lng_annual_sales": 0.79,
      "open_datenew": "2022年"
    },
    {
      "newoiling_machine": 4.0,
      "neweoil_gun": 16.0,
      "newemployees": 11.0,
      "newsale_amount": 0.0,
      "company_id": "10005885",
      "company_short_name": "高速石油",
      "company_name": "浙江高速石油发展有限公司",
      "introd_type": "门店简介",
      "shop_id": "32852658",
      "shop_name": "高速莲都(上)加油站",
      "province": "浙江省",
      "longitude": "119.845107",
      "latitude": "28.36166",
      "business_id": "102",
      "business_type": "加油站",
      "adress": "丽水市水阁街道大源宅塘村丽龙高速莲都停车区加油站",
      "open_date": "2008-11-12",
      "employees": "11",
      "cumul_revenue": 0.0,
      "sale_amount": 0.0,
      "passenger_flow": 0.0,
      "passenger_price": 0.0,
      "loil_lng_annual_saleslow": 3401.0,
      "oiling_machine": 4.0,
      "oil_gun": 16.0,
      "refind_oil_annual_sales": 3081.0,
      "annual_sales_92": 1287.0,
      "annual_sales_95": 808.0,
      "annual_sales_98": 33.0,
      "annual_sales_0": 953.0,
      "annual_pvenergy_output": 0.0,
      "pv_capacity": 0.0,
      "create_date": "2023-10-10 16:14:46",
      "rank": "1",
      "rank2": "1",
      "identifier": "",
      "newcompany_id": "4",
      "loil_lng_annual_sales": 0.34,
      "open_datenew": "2008年"
    },
    {
      "newoiling_machine": 4.0,
      "neweoil_gun": 16.0,
      "newemployees": 11.0,
      "newsale_amount": 0.0,
      "company_id": "10005885",
      "company_short_name": "高速石油",
      "company_name": "浙江高速石油发展有限公司",
      "introd_type": "门店简介",
      "shop_id": "32852659",
      "shop_name": "高速莲都(下)加油站",
      "province": "浙江省",
      "longitude": "119.84878",
      "latitude": "28.362028",
      "business_id": "102",
      "business_type": "加油站",
      "adress": "丽水市水阁街道大源宅塘村丽龙高速莲都停车区加油站",
      "open_date": "2008-11-12",
      "employees": "11",
      "cumul_revenue": 0.0,
      "sale_amount": 0.0,
      "passenger_flow": 0.0,
      "passenger_price": 0.0,
      "loil_lng_annual_saleslow": 3940.0,
      "oiling_machine": 4.0,
      "oil_gun": 16.0,
      "refind_oil_annual_sales": 3518.0,
      "annual_sales_92": 1239.0,
      "annual_sales_95": 918.0,
      "annual_sales_98": 35.0,
      "annual_sales_0": 1326.0,
      "annual_pvenergy_output": 0.0,
      "pv_capacity": 0.0,
      "create_date": "2023-10-10 16:14:47",
      "rank": "1",
      "rank2": "1",
      "identifier": "",
      "newcompany_id": "4",
      "loil_lng_annual_sales": 0.39,
      "open_datenew": "2008年"
    },
    {
      "newoiling_machine": 8.0,
      "neweoil_gun": 40.0,
      "newemployees": 19.0,
      "newsale_amount": 0.0,
      "company_id": "10005885",
      "company_short_name": "高速石油",
      "company_name": "浙江高速石油发展有限公司",
      "introd_type": "门店简介",
      "shop_id": "32851781",
      "shop_name": "高速萧山(上)加油站",
      "province": "浙江省",
      "longitude": "120.254918",
      "latitude": "29.982514",
      "business_id": "102",
      "business_type": "加油站",
      "adress": "杭州市萧山区浦阳镇新谊村萧山服务区加油站",
      "open_date": "2002-12-28",
      "employees": "19",
      "cumul_revenue": 0.0,
      "sale_amount": 0.0,
      "passenger_flow": 0.0,
      "passenger_price": 0.0,
      "loil_lng_annual_saleslow": 18310.0,
      "oiling_machine": 8.0,
      "oil_gun": 40.0,
      "refind_oil_annual_sales": 15948.0,
      "annual_sales_92": 4081.0,
      "annual_sales_95": 4420.0,
      "annual_sales_98": 221.0,
      "annual_sales_0": 7227.0,
      "annual_pvenergy_output": 0.0,
      "pv_capacity": 0.0,
      "create_date": "2023-10-10 16:14:42",
      "rank": "1",
      "rank2": "1",
      "identifier": "",
      "newcompany_id": "4",
      "loil_lng_annual_sales": 1.83,
      "open_datenew": "2002年"
    },
    {
      "newoiling_machine": 8.0,
      "neweoil_gun": 40.0,
      "newemployees": 18.0,
      "newsale_amount": 0.0,
      "company_id": "10005885",
      "company_short_name": "高速石油",
      "company_name": "浙江高速石油发展有限公司",
      "introd_type": "门店简介",
      "shop_id": "32851782",
      "shop_name": "高速萧山(下)加油站",
      "province": "浙江省",
      "longitude": "120.251334",
      "latitude": "29.978338",
      "business_id": "102",
      "business_type": "加油站",
      "adress": "杭州市萧山区浦阳镇新谊村萧山服务区加油站",
      "open_date": "2002-12-28",
      "employees": "18",
      "cumul_revenue": 0.0,
      "sale_amount": 0.0,
      "passenger_flow": 0.0,
      "passenger_price": 0.0,
      "loil_lng_annual_saleslow": 23369.0,
      "oiling_machine": 8.0,
      "oil_gun": 40.0,
      "refind_oil_annual_sales": 19366.0,
      "annual_sales_92": 4427.0,
      "annual_sales_95": 4771.0,
      "annual_sales_98": 237.0,
      "annual_sales_0": 9931.0,
      "annual_pvenergy_output": 0.0,
      "pv_capacity": 0.0,
      "create_date": "2023-10-10 16:14:42",
      "rank": "1",
      "rank2": "1",
      "identifier": "",
      "newcompany_id": "4",
      "loil_lng_annual_sales": 2.34,
      "open_datenew": "2002年"
    },
    {
      "newoiling_machine": 7.0,
      "neweoil_gun": 40.0,
      "newemployees": 20.0,
      "newsale_amount": 0.0,
      "company_id": "10005885",
      "company_short_name": "高速石油",
      "company_name": "浙江高速石油发展有限公司",
      "introd_type": "门店简介",
      "shop_id": "32851789",
      "shop_name": "高速衢州(上)加油站",
      "province": "浙江省",
      "longitude": "119.066829",
      "latitude": "29.044039",
      "business_id": "102",
      "business_type": "加油站",
      "adress": "衢州市龙游县小南海镇半潭村衢州服务区加油站",
      "open_date": "2002-12-28",
      "employees": "20",
      "cumul_revenue": 0.0,
      "sale_amount": 0.0,
      "passenger_flow": 0.0,
      "passenger_price": 0.0,
      "loil_lng_annual_saleslow": 18112.0,
      "oiling_machine": 7.0,
      "oil_gun": 40.0,
      "refind_oil_annual_sales": 13416.0,
      "annual_sales_92": 5072.0,
      "annual_sales_95": 2664.0,
      "annual_sales_98": 138.0,
      "annual_sales_0": 5541.0,
      "annual_pvenergy_output": 0.0,
      "pv_capacity": 0.0,
      "create_date": "2023-10-10 16:14:43",
      "rank": "1",
      "rank2": "1",
      "identifier": "",
      "newcompany_id": "4",
      "loil_lng_annual_sales": 1.81,
      "open_datenew": "2002年"
    },
    {
      "newoiling_machine": 7.0,
      "neweoil_gun": 40.0,
      "newemployees": 20.0,
      "newsale_amount": 0.0,
      "company_id": "10005885",
      "company_short_name": "高速石油",
      "company_name": "浙江高速石油发展有限公司",
      "introd_type": "门店简介",
      "shop_id": "32851790",
      "shop_name": "高速衢州(下)加油站",
      "province": "浙江省",
      "longitude": "119.069964",
      "latitude": "29.045525",
      "business_id": "102",
      "business_type": "加油站",
      "adress": "衢州市龙游县小南海镇半潭村衢州服务区加油站",
      "open_date": "2002-12-28",
      "employees": "20",
      "cumul_revenue": 0.0,
      "sale_amount": 0.0,
      "passenger_flow": 0.0,
      "passenger_price": 0.0,
      "loil_lng_annual_saleslow": 20034.0,
      "oiling_machine": 7.0,
      "oil_gun": 40.0,
      "refind_oil_annual_sales": 14592.0,
      "annual_sales_92": 5025.0,
      "annual_sales_95": 2758.0,
      "annual_sales_98": 105.0,
      "annual_sales_0": 6704.0,
      "annual_pvenergy_output": 0.0,
      "pv_capacity": 0.0,
      "create_date": "2023-10-10 16:14:43",
      "rank": "1",
      "rank2": "1",
      "identifier": "",
      "newcompany_id": "4",
      "loil_lng_annual_sales": 2.0,
      "open_datenew": "2002年"
    },
    {
      "newoiling_machine": 4.0,
      "neweoil_gun": 24.0,
      "newemployees": 8.0,
      "newsale_amount": 0.0,
      "company_id": "10005885",
      "company_short_name": "高速石油",
      "company_name": "浙江高速石油发展有限公司",
      "introd_type": "门店简介",
      "shop_id": "32855585",
      "shop_name": "高速衢江(上)加油站",
      "province": "浙江省",
      "longitude": "118.96005",
      "latitude": "29.239659",
      "business_id": "102",
      "business_type": "加油站",
      "adress": "衢州市衢江区上方镇杨村服务区加油站",
      "open_date": "2017-01-11",
      "employees": "8",
      "cumul_revenue": 0.0,
      "sale_amount": 0.0,
      "passenger_flow": 0.0,
      "passenger_price": 0.0,
      "loil_lng_annual_saleslow": 2352.0,
      "oiling_machine": 4.0,
      "oil_gun": 24.0,
      "refind_oil_annual_sales": 2043.0,
      "annual_sales_92": 927.0,
      "annual_sales_95": 478.0,
      "annual_sales_98": 0.0,
      "annual_sales_0": 638.0,
      "annual_pvenergy_output": 0.0,
      "pv_capacity": 0.0,
      "create_date": "2023-10-10 16:14:50",
      "rank": "1",
      "rank2": "1",
      "identifier": "",
      "newcompany_id": "4",
      "loil_lng_annual_sales": 0.24,
      "open_datenew": "2017年"
    },
    {
      "newoiling_machine": 4.0,
      "neweoil_gun": 24.0,
      "newemployees": 7.0,
      "newsale_amount": 0.0,
      "company_id": "10005885",
      "company_short_name": "高速石油",
      "company_name": "浙江高速石油发展有限公司",
      "introd_type": "门店简介",
      "shop_id": "32855587",
      "shop_name": "高速衢江(下)加油站",
      "province": "浙江省",
      "longitude": "118.962429",
      "latitude": "29.241013",
      "business_id": "102",
      "business_type": "加油站",
      "adress": "衢州市衢江区上方镇杨村服务区加油站",
      "open_date": "2017-01-11",
      "employees": "7",
      "cumul_revenue": 0.0,
      "sale_amount": 0.0,
      "passenger_flow": 0.0,
      "passenger_price": 0.0,
      "loil_lng_annual_saleslow": 1805.0,
      "oiling_machine": 4.0,
      "oil_gun": 24.0,
      "refind_oil_annual_sales": 1550.0,
      "annual_sales_92": 684.0,
      "annual_sales_95": 400.0,
      "annual_sales_98": 0.0,
      "annual_sales_0": 467.0,
      "annual_pvenergy_output": 0.0,
      "pv_capacity": 0.0,
      "create_date": "2023-10-10 16:14:50",
      "rank": "1",
      "rank2": "1",
      "identifier": "",
      "newcompany_id": "4",
      "loil_lng_annual_sales": 0.18,
      "open_datenew": "2017年"
    },
    {
      "newoiling_machine": 7.0,
      "neweoil_gun": 36.0,
      "newemployees": 16.0,
      "newsale_amount": 0.0,
      "company_id": "10005885",
      "company_short_name": "高速石油",
      "company_name": "浙江高速石油发展有限公司",
      "introd_type": "门店简介",
      "shop_id": "32851783",
      "shop_name": "高速诸暨(上)加油站",
      "province": "浙江省",
      "longitude": "120.254307",
      "latitude": "29.982495",
      "business_id": "102",
      "business_type": "加油站",
      "adress": "诸暨市王家井镇十五房村诸暨服务区加油站",
      "open_date": "2002-12-28",
      "employees": "16",
      "cumul_revenue": 0.0,
      "sale_amount": 0.0,
      "passenger_flow": 0.0,
      "passenger_price": 0.0,
      "loil_lng_annual_saleslow": 18253.0,
      "oiling_machine": 7.0,
      "oil_gun": 36.0,
      "refind_oil_annual_sales": 17304.0,
      "annual_sales_92": 5441.0,
      "annual_sales_95": 4769.0,
      "annual_sales_98": 210.0,
      "annual_sales_0": 6884.0,
      "annual_pvenergy_output": 0.0,
      "pv_capacity": 0.0,
      "create_date": "2023-10-10 16:14:42",
      "rank": "1",
      "rank2": "1",
      "identifier": "",
      "newcompany_id": "4",
      "loil_lng_annual_sales": 1.83,
      "open_datenew": "2002年"
    },
    {
      "newoiling_machine": 7.0,
      "neweoil_gun": 36.0,
      "newemployees": 16.0,
      "newsale_amount": 0.0,
      "company_id": "10005885",
      "company_short_name": "高速石油",
      "company_name": "浙江高速石油发展有限公司",
      "introd_type": "门店简介",
      "shop_id": "32851784",
      "shop_name": "高速诸暨(下)加油站",
      "province": "浙江省",
      "longitude": "120.251334",
      "latitude": "29.978299",
      "business_id": "102",
      "business_type": "加油站",
      "adress": "诸暨市王家井镇十五房村诸暨服务区加油站",
      "open_date": "2002-12-28",
      "employees": "16",
      "cumul_revenue": 0.0,
      "sale_amount": 0.0,
      "passenger_flow": 0.0,
      "passenger_price": 0.0,
      "loil_lng_annual_saleslow": 13451.0,
      "oiling_machine": 7.0,
      "oil_gun": 36.0,
      "refind_oil_annual_sales": 12162.0,
      "annual_sales_92": 3390.0,
      "annual_sales_95": 3031.0,
      "annual_sales_98": 125.0,
      "annual_sales_0": 5615.0,
      "annual_pvenergy_output": 0.0,
      "pv_capacity": 0.0,
      "create_date": "2023-10-10 16:14:42",
      "rank": "1",
      "rank2": "1",
      "identifier": "",
      "newcompany_id": "4",
      "loil_lng_annual_sales": 1.35,
      "open_datenew": "2002年"
    },
    {
      "newoiling_machine": 4.0,
      "neweoil_gun": 16.0,
      "newemployees": 8.0,
      "newsale_amount": 0.0,
      "company_id": "10005885",
      "company_short_name": "高速石油",
      "company_name": "浙江高速石油发展有限公司",
      "introd_type": "门店简介",
      "shop_id": "32852549",
      "shop_name": "高速遂昌(上)加油站",
      "province": "浙江省",
      "longitude": "119.299576",
      "latitude": "28.618195",
      "business_id": "102",
      "business_type": "加油站",
      "adress": "遂昌县妙高镇渡船头村遂昌服务区加油站",
      "open_date": "2006-12-31",
      "employees": "8",
      "cumul_revenue": 0.0,
      "sale_amount": 0.0,
      "passenger_flow": 0.0,
      "passenger_price": 0.0,
      "loil_lng_annual_saleslow": 1933.0,
      "oiling_machine": 4.0,
      "oil_gun": 16.0,
      "refind_oil_annual_sales": 1747.0,
      "annual_sales_92": 784.0,
      "annual_sales_95": 396.0,
      "annual_sales_98": 0.0,
      "annual_sales_0": 566.0,
      "annual_pvenergy_output": 0.0,
      "pv_capacity": 0.0,
      "create_date": "2023-10-10 16:14:45",
      "rank": "1",
      "rank2": "1",
      "identifier": "",
      "newcompany_id": "4",
      "loil_lng_annual_sales": 0.19,
      "open_datenew": "2006年"
    },
    {
      "newoiling_machine": 4.0,
      "neweoil_gun": 16.0,
      "newemployees": 8.0,
      "newsale_amount": 0.0,
      "company_id": "10005885",
      "company_short_name": "高速石油",
      "company_name": "浙江高速石油发展有限公司",
      "introd_type": "门店简介",
      "shop_id": "32852550",
      "shop_name": "高速遂昌(下)加油站",
      "province": "浙江省",
      "longitude": "119.299758",
      "latitude": "28.617402",
      "business_id": "102",
      "business_type": "加油站",
      "adress": "遂昌县妙高镇渡船头村遂昌服务区加油站",
      "open_date": "2006-12-31",
      "employees": "8",
      "cumul_revenue": 0.0,
      "sale_amount": 0.0,
      "passenger_flow": 0.0,
      "passenger_price": 0.0,
      "loil_lng_annual_saleslow": 2037.0,
      "oiling_machine": 4.0,
      "oil_gun": 16.0,
      "refind_oil_annual_sales": 1607.0,
      "annual_sales_92": 571.0,
      "annual_sales_95": 333.0,
      "annual_sales_98": 0.0,
      "annual_sales_0": 703.0,
      "annual_pvenergy_output": 0.0,
      "pv_capacity": 0.0,
      "create_date": "2023-10-10 16:14:45",
      "rank": "1",
      "rank2": "1",
      "identifier": "",
      "newcompany_id": "4",
      "loil_lng_annual_sales": 0.2,
      "open_datenew": "2006年"
    },
    {
      "newoiling_machine": 8.0,
      "neweoil_gun": 40.0,
      "newemployees": 18.0,
      "newsale_amount": 0.0,
      "company_id": "10005885",
      "company_short_name": "高速石油",
      "company_name": "浙江高速石油发展有限公司",
      "introd_type": "门店简介",
      "shop_id": "32851785",
      "shop_name": "高速金华(上)加油站",
      "province": "浙江省",
      "longitude": "119.894087",
      "latitude": "29.252224",
      "business_id": "102",
      "business_type": "加油站",
      "adress": "金华市付村镇石狮塘村金华服务区加油站",
      "open_date": "2002-12-28",
      "employees": "18",
      "cumul_revenue": 0.0,
      "sale_amount": 0.0,
      "passenger_flow": 0.0,
      "passenger_price": 0.0,
      "loil_lng_annual_saleslow": 13237.0,
      "oiling_machine": 8.0,
      "oil_gun": 40.0,
      "refind_oil_annual_sales": 12187.0,
      "annual_sales_92": 3717.0,
      "annual_sales_95": 2813.0,
      "annual_sales_98": 145.0,
      "annual_sales_0": 5513.0,
      "annual_pvenergy_output": 0.0,
      "pv_capacity": 0.0,
      "create_date": "2023-10-10 16:14:42",
      "rank": "1",
      "rank2": "1",
      "identifier": "",
      "newcompany_id": "4",
      "loil_lng_annual_sales": 1.32,
      "open_datenew": "2002年"
    },
    {
      "newoiling_machine": 8.0,
      "neweoil_gun": 40.0,
      "newemployees": 17.0,
      "newsale_amount": 0.0,
      "company_id": "10005885",
      "company_short_name": "高速石油",
      "company_name": "浙江高速石油发展有限公司",
      "introd_type": "门店简介",
      "shop_id": "32851786",
      "shop_name": "高速金华(下)加油站",
      "province": "浙江省",
      "longitude": "119.889398",
      "latitude": "29.25109",
      "business_id": "102",
      "business_type": "加油站",
      "adress": "金华市付村镇石狮塘村金华服务区加油站",
      "open_date": "2002-12-28",
      "employees": "17",
      "cumul_revenue": 0.0,
      "sale_amount": 0.0,
      "passenger_flow": 0.0,
      "passenger_price": 0.0,
      "loil_lng_annual_saleslow": 15923.0,
      "oiling_machine": 8.0,
      "oil_gun": 40.0,
      "refind_oil_annual_sales": 14349.0,
      "annual_sales_92": 4612.0,
      "annual_sales_95": 3521.0,
      "annual_sales_98": 149.0,
      "annual_sales_0": 6067.0,
      "annual_pvenergy_output": 0.0,
      "pv_capacity": 0.0,
      "create_date": "2023-10-10 16:14:42",
      "rank": "1",
      "rank2": "1",
      "identifier": "",
      "newcompany_id": "4",
      "loil_lng_annual_sales": 1.59,
      "open_datenew": "2002年"
    },
    {
      "newoiling_machine": 4.0,
      "neweoil_gun": 16.0,
      "newemployees": 8.0,
      "newsale_amount": 0.0,
      "company_id": "10005885",
      "company_short_name": "高速石油",
      "company_name": "浙江高速石油发展有限公司",
      "introd_type": "门店简介",
      "shop_id": "32852842",
      "shop_name": "高速金塘(下)加油站",
      "province": "浙江省",
      "longitude": "121.912105",
      "latitude": "30.057411",
      "business_id": "102",
      "business_type": "加油站",
      "adress": "舟山市定海区金塘镇东堠村金塘服务区加油站",
      "open_date": "2010-03-30",
      "employees": "8",
      "cumul_revenue": 0.0,
      "sale_amount": 0.0,
      "passenger_flow": 0.0,
      "passenger_price": 0.0,
      "loil_lng_annual_saleslow": 4256.0,
      "oiling_machine": 4.0,
      "oil_gun": 16.0,
      "refind_oil_annual_sales": 4555.0,
      "annual_sales_92": 1790.0,
      "annual_sales_95": 1696.0,
      "annual_sales_98": 0.0,
      "annual_sales_0": 1070.0,
      "annual_pvenergy_output": 0.0,
      "pv_capacity": 0.0,
      "create_date": "2023-10-10 16:14:48",
      "rank": "1",
      "rank2": "1",
      "identifier": "",
      "newcompany_id": "4",
      "loil_lng_annual_sales": 0.43,
      "open_datenew": "2010年"
    },
    {
      "newoiling_machine": 6.0,
      "neweoil_gun": 26.0,
      "newemployees": 14.0,
      "newsale_amount": 0.0,
      "company_id": "10005885",
      "company_short_name": "高速石油",
      "company_name": "浙江高速石油发展有限公司",
      "introd_type": "门店简介",
      "shop_id": "32852523",
      "shop_name": "高速长兴(上)加油站",
      "province": "浙江省",
      "longitude": "119.739988",
      "latitude": "30.934015",
      "business_id": "102",
      "business_type": "加油站",
      "adress": "浙江省长兴县林城阳光村高速长兴加油站",
      "open_date": "2006-12-30",
      "employees": "14",
      "cumul_revenue": 0.0,
      "sale_amount": 0.0,
      "passenger_flow": 0.0,
      "passenger_price": 0.0,
      "loil_lng_annual_saleslow": 10028.0,
      "oiling_machine": 6.0,
      "oil_gun": 26.0,
      "refind_oil_annual_sales": 7001.0,
      "annual_sales_92": 2080.0,
      "annual_sales_95": 1681.0,
      "annual_sales_98": 108.0,
      "annual_sales_0": 3132.0,
      "annual_pvenergy_output": 0.0,
      "pv_capacity": 0.0,
      "create_date": "2023-10-10 16:14:45",
      "rank": "1",
      "rank2": "1",
      "identifier": "",
      "newcompany_id": "4",
      "loil_lng_annual_sales": 1.0,
      "open_datenew": "2006年"
    },
    {
      "newoiling_machine": 6.0,
      "neweoil_gun": 26.0,
      "newemployees": 14.0,
      "newsale_amount": 0.0,
      "company_id": "10005885",
      "company_short_name": "高速石油",
      "company_name": "浙江高速石油发展有限公司",
      "introd_type": "门店简介",
      "shop_id": "32852524",
      "shop_name": "高速长兴(下)加油站",
      "province": "浙江省",
      "longitude": "119.737098",
      "latitude": "30.934224",
      "business_id": "102",
      "business_type": "加油站",
      "adress": "浙江省长兴县林城阳光村高速长兴加油站",
      "open_date": "2006-12-30",
      "employees": "14",
      "cumul_revenue": 0.0,
      "sale_amount": 0.0,
      "passenger_flow": 0.0,
      "passenger_price": 0.0,
      "loil_lng_annual_saleslow": 11904.0,
      "oiling_machine": 6.0,
      "oil_gun": 26.0,
      "refind_oil_annual_sales": 9768.0,
      "annual_sales_92": 3035.0,
      "annual_sales_95": 2291.0,
      "annual_sales_98": 140.0,
      "annual_sales_0": 4301.0,
      "annual_pvenergy_output": 0.0,
      "pv_capacity": 0.0,
      "create_date": "2023-10-10 16:14:45",
      "rank": "1",
      "rank2": "1",
      "identifier": "",
      "newcompany_id": "4",
      "loil_lng_annual_sales": 1.19,
      "open_datenew": "2006年"
    },
    {
      "newoiling_machine": 8.0,
      "neweoil_gun": 36.0,
      "newemployees": 18.0,
      "newsale_amount": 0.0,
      "company_id": "10005885",
      "company_short_name": "高速石油",
      "company_name": "浙江高速石油发展有限公司",
      "introd_type": "门店简介",
      "shop_id": "32852605",
      "shop_name": "高速长安(上)加油站",
      "province": "浙江省",
      "longitude": "120.470444",
      "latitude": "30.49254",
      "business_id": "102",
      "business_type": "加油站",
      "adress": "海宁市长安镇兴城村长安服务区加油站",
      "open_date": "2007-06-30",
      "employees": "18",
      "cumul_revenue": 0.0,
      "sale_amount": 0.0,
      "passenger_flow": 0.0,
      "passenger_price": 0.0,
      "loil_lng_annual_saleslow": 15230.0,
      "oiling_machine": 8.0,
      "oil_gun": 36.0,
      "refind_oil_annual_sales": 13097.0,
      "annual_sales_92": 3355.0,
      "annual_sales_95": 3463.0,
      "annual_sales_98": 186.0,
      "annual_sales_0": 6093.0,
      "annual_pvenergy_output": 0.0,
      "pv_capacity": 0.0,
      "create_date": "2023-10-10 16:14:46",
      "rank": "1",
      "rank2": "1",
      "identifier": "",
      "newcompany_id": "4",
      "loil_lng_annual_sales": 1.52,
      "open_datenew": "2007年"
    },
    {
      "newoiling_machine": 8.0,
      "neweoil_gun": 36.0,
      "newemployees": 18.0,
      "newsale_amount": 0.0,
      "company_id": "10005885",
      "company_short_name": "高速石油",
      "company_name": "浙江高速石油发展有限公司",
      "introd_type": "门店简介",
      "shop_id": "32852606",
      "shop_name": "高速长安(下)加油站",
      "province": "浙江省",
      "longitude": "120.472728",
      "latitude": "30.491145",
      "business_id": "102",
      "business_type": "加油站",
      "adress": "海宁市长安镇兴城村长安服务区加油站",
      "open_date": "2007-06-30",
      "employees": "18",
      "cumul_revenue": 0.0,
      "sale_amount": 0.0,
      "passenger_flow": 0.0,
      "passenger_price": 0.0,
      "loil_lng_annual_saleslow": 16209.0,
      "oiling_machine": 8.0,
      "oil_gun": 36.0,
      "refind_oil_annual_sales": 15699.0,
      "annual_sales_92": 4705.0,
      "annual_sales_95": 4896.0,
      "annual_sales_98": 278.0,
      "annual_sales_0": 5819.0,
      "annual_pvenergy_output": 0.0,
      "pv_capacity": 0.0,
      "create_date": "2023-10-10 16:14:46",
      "rank": "1",
      "rank2": "1",
      "identifier": "",
      "newcompany_id": "4",
      "loil_lng_annual_sales": 1.62,
      "open_datenew": "2007年"
    },
    {
      "newoiling_machine": 4.0,
      "neweoil_gun": 24.0,
      "newemployees": 12.0,
      "newsale_amount": 0.0,
      "company_id": "10005885",
      "company_short_name": "高速石油",
      "company_name": "浙江高速石油发展有限公司",
      "introd_type": "门店简介",
      "shop_id": "32856228",
      "shop_name": "高速青山(上)加油站",
      "province": "浙江省",
      "longitude": "120.054205",
      "latitude": "30.665594",
      "business_id": "102",
      "business_type": "加油站",
      "adress": "湖州市吴兴区埭溪镇侯射村青山服务区加油站",
      "open_date": "2022-09-01",
      "employees": "12",
      "cumul_revenue": 0.0,
      "sale_amount": 0.0,
      "passenger_flow": 0.0,
      "passenger_price": 0.0,
      "loil_lng_annual_saleslow": 5571.0,
      "oiling_machine": 4.0,
      "oil_gun": 24.0,
      "refind_oil_annual_sales": 12224.0,
      "annual_sales_92": 4064.0,
      "annual_sales_95": 3047.0,
      "annual_sales_98": 118.0,
      "annual_sales_0": 4994.0,
      "annual_pvenergy_output": 0.0,
      "pv_capacity": 0.0,
      "create_date": "2023-10-10 16:14:58",
      "rank": "1",
      "rank2": "1",
      "identifier": "",
      "newcompany_id": "4",
      "loil_lng_annual_sales": 0.56,
      "open_datenew": "2022年"
    },
    {
      "newoiling_machine": 4.0,
      "neweoil_gun": 24.0,
      "newemployees": 13.0,
      "newsale_amount": 0.0,
      "company_id": "10005885",
      "company_short_name": "高速石油",
      "company_name": "浙江高速石油发展有限公司",
      "introd_type": "门店简介",
      "shop_id": "32856227",
      "shop_name": "高速青山(下)加油站",
      "province": "浙江省",
      "longitude": "120.053167",
      "latitude": "30.663988",
      "business_id": "102",
      "business_type": "加油站",
      "adress": "湖州市吴兴区埭溪镇侯射村青山服务区加油站",
      "open_date": "2022-09-01",
      "employees": "13",
      "cumul_revenue": 0.0,
      "sale_amount": 0.0,
      "passenger_flow": 0.0,
      "passenger_price": 0.0,
      "loil_lng_annual_saleslow": 6750.0,
      "oiling_machine": 4.0,
      "oil_gun": 24.0,
      "refind_oil_annual_sales": 15285.0,
      "annual_sales_92": 4923.0,
      "annual_sales_95": 3947.0,
      "annual_sales_98": 125.0,
      "annual_sales_0": 6290.0,
      "annual_pvenergy_output": 0.0,
      "pv_capacity": 0.0,
      "create_date": "2023-10-10 16:14:58",
      "rank": "1",
      "rank2": "1",
      "identifier": "",
      "newcompany_id": "4",
      "loil_lng_annual_sales": 0.68,
      "open_datenew": "2022年"
    },
    {
      "newoiling_machine": 4.0,
      "neweoil_gun": 20.0,
      "newemployees": 11.0,
      "newsale_amount": 0.0,
      "company_id": "10005885",
      "company_short_name": "高速石油",
      "company_name": "浙江高速石油发展有限公司",
      "introd_type": "门店简介",
      "shop_id": "32852450",
      "shop_name": "高速青田(上)加油站",
      "province": "浙江省",
      "longitude": "120.185465",
      "latitude": "28.271709",
      "business_id": "102",
      "business_type": "加油站",
      "adress": "丽水市青田县船寮镇上陈村青田服务区",
      "open_date": "2005-12-23",
      "employees": "11",
      "cumul_revenue": 0.0,
      "sale_amount": 0.0,
      "passenger_flow": 0.0,
      "passenger_price": 0.0,
      "loil_lng_annual_saleslow": 6384.0,
      "oiling_machine": 4.0,
      "oil_gun": 20.0,
      "refind_oil_annual_sales": 5465.0,
      "annual_sales_92": 1684.0,
      "annual_sales_95": 1210.0,
      "annual_sales_98": 58.0,
      "annual_sales_0": 2513.0,
      "annual_pvenergy_output": 0.0,
      "pv_capacity": 0.0,
      "create_date": "2023-10-10 16:14:44",
      "rank": "1",
      "rank2": "1",
      "identifier": "",
      "newcompany_id": "4",
      "loil_lng_annual_sales": 0.64,
      "open_datenew": "2005年"
    },
    {
      "newoiling_machine": 4.0,
      "neweoil_gun": 20.0,
      "newemployees": 10.0,
      "newsale_amount": 0.0,
      "company_id": "10005885",
      "company_short_name": "高速石油",
      "company_name": "浙江高速石油发展有限公司",
      "introd_type": "门店简介",
      "shop_id": "32852451",
      "shop_name": "高速青田(下)加油站",
      "province": "浙江省",
      "longitude": "120.184566",
      "latitude": "28.27426",
      "business_id": "102",
      "business_type": "加油站",
      "adress": "丽水市青田县船寮镇上陈村青田服务区",
      "open_date": "2005-12-23",
      "employees": "10",
      "cumul_revenue": 0.0,
      "sale_amount": 0.0,
      "passenger_flow": 0.0,
      "passenger_price": 0.0,
      "loil_lng_annual_saleslow": 4630.0,
      "oiling_machine": 4.0,
      "oil_gun": 20.0,
      "refind_oil_annual_sales": 3962.0,
      "annual_sales_92": 1447.0,
      "annual_sales_95": 1005.0,
      "annual_sales_98": 52.0,
      "annual_sales_0": 1459.0,
      "annual_pvenergy_output": 0.0,
      "pv_capacity": 0.0,
      "create_date": "2023-10-10 16:14:44",
      "rank": "1",
      "rank2": "1",
      "identifier": "",
      "newcompany_id": "4",
      "loil_lng_annual_sales": 0.46,
      "open_datenew": "2005年"
    },
    {
      "newoiling_machine": 4.0,
      "neweoil_gun": 16.0,
      "newemployees": 8.0,
      "newsale_amount": 0.0,
      "company_id": "10005885",
      "company_short_name": "高速石油",
      "company_name": "浙江高速石油发展有限公司",
      "introd_type": "门店简介",
      "shop_id": "32854599",
      "shop_name": "高速马金(上)加油站",
      "province": "浙江省",
      "longitude": "118.409585",
      "latitude": "29.287066",
      "business_id": "102",
      "business_type": "加油站",
      "adress": "开化县马金镇秀川村高速开化服务区加油站",
      "open_date": "2011-01-28",
      "employees": "8",
      "cumul_revenue": 0.0,
      "sale_amount": 0.0,
      "passenger_flow": 0.0,
      "passenger_price": 0.0,
      "loil_lng_annual_saleslow": 3469.0,
      "oiling_machine": 4.0,
      "oil_gun": 16.0,
      "refind_oil_annual_sales": 3564.0,
      "annual_sales_92": 1546.0,
      "annual_sales_95": 863.0,
      "annual_sales_98": 0.0,
      "annual_sales_0": 1155.0,
      "annual_pvenergy_output": 0.0,
      "pv_capacity": 0.0,
      "create_date": "2023-10-10 16:14:48",
      "rank": "1",
      "rank2": "1",
      "identifier": "",
      "newcompany_id": "4",
      "loil_lng_annual_sales": 0.35,
      "open_datenew": "2011年"
    },
    {
      "newoiling_machine": 4.0,
      "neweoil_gun": 16.0,
      "newemployees": 8.0,
      "newsale_amount": 0.0,
      "company_id": "10005885",
      "company_short_name": "高速石油",
      "company_name": "浙江高速石油发展有限公司",
      "introd_type": "门店简介",
      "shop_id": "32854600",
      "shop_name": "高速马金(下)加油站",
      "province": "浙江省",
      "longitude": "118.412207",
      "latitude": "29.291617",
      "business_id": "102",
      "business_type": "加油站",
      "adress": "开化县马金镇秀川村高速开化服务区加油站",
      "open_date": "2011-01-28",
      "employees": "8",
      "cumul_revenue": 0.0,
      "sale_amount": 0.0,
      "passenger_flow": 0.0,
      "passenger_price": 0.0,
      "loil_lng_annual_saleslow": 3031.0,
      "oiling_machine": 4.0,
      "oil_gun": 16.0,
      "refind_oil_annual_sales": 3263.0,
      "annual_sales_92": 1345.0,
      "annual_sales_95": 799.0,
      "annual_sales_98": 0.0,
      "annual_sales_0": 1119.0,
      "annual_pvenergy_output": 0.0,
      "pv_capacity": 0.0,
      "create_date": "2023-10-10 16:14:48",
      "rank": "1",
      "rank2": "1",
      "identifier": "",
      "newcompany_id": "4",
      "loil_lng_annual_sales": 0.3,
      "open_datenew": "2011年"
    },
    {
      "newoiling_machine": 4.0,
      "neweoil_gun": 24.0,
      "newemployees": 8.0,
      "newsale_amount": 0.0,
      "company_id": "10005885",
      "company_short_name": "高速石油",
      "company_name": "浙江高速石油发展有限公司",
      "introd_type": "门店简介",
      "shop_id": "32855938",
      "shop_name": "高速高楼(上)加油站",
      "province": "浙江省",
      "longitude": "120.293969",
      "latitude": "27.756513",
      "business_id": "102",
      "business_type": "加油站",
      "adress": "浙江省温州市瑞安市高楼镇上龙村高楼停车区北区",
      "open_date": "2020-01-21",
      "employees": "8",
      "cumul_revenue": 0.0,
      "sale_amount": 0.0,
      "passenger_flow": 0.0,
      "passenger_price": 0.0,
      "loil_lng_annual_saleslow": 1455.0,
      "oiling_machine": 4.0,
      "oil_gun": 24.0,
      "refind_oil_annual_sales": 2062.0,
      "annual_sales_92": 705.0,
      "annual_sales_95": 544.0,
      "annual_sales_98": 26.0,
      "annual_sales_0": 788.0,
      "annual_pvenergy_output": 0.0,
      "pv_capacity": 0.0,
      "create_date": "2023-10-10 16:14:56",
      "rank": "1",
      "rank2": "1",
      "identifier": "",
      "newcompany_id": "4",
      "loil_lng_annual_sales": 0.15,
      "open_datenew": "2020年"
    },
    {
      "newoiling_machine": 4.0,
      "neweoil_gun": 24.0,
      "newemployees": 7.0,
      "newsale_amount": 0.0,
      "company_id": "10005885",
      "company_short_name": "高速石油",
      "company_name": "浙江高速石油发展有限公司",
      "introd_type": "门店简介",
      "shop_id": "32855939",
      "shop_name": "高速高楼(下)加油站",
      "province": "浙江省",
      "longitude": "120.294357",
      "latitude": "27.755464",
      "business_id": "102",
      "business_type": "加油站",
      "adress": "浙江省温州市瑞安市高楼镇龙湖茶场高楼停车区南区",
      "open_date": "2020-01-21",
      "employees": "7",
      "cumul_revenue": 0.0,
      "sale_amount": 0.0,
      "passenger_flow": 0.0,
      "passenger_price": 0.0,
      "loil_lng_annual_saleslow": 1207.0,
      "oiling_machine": 4.0,
      "oil_gun": 24.0,
      "refind_oil_annual_sales": 1406.0,
      "annual_sales_92": 420.0,
      "annual_sales_95": 361.0,
      "annual_sales_98": 18.0,
      "annual_sales_0": 607.0,
      "annual_pvenergy_output": 0.0,
      "pv_capacity": 0.0,
      "create_date": "2023-10-10 16:14:56",
      "rank": "1",
      "rank2": "1",
      "identifier": "",
      "newcompany_id": "4",
      "loil_lng_annual_sales": 0.12,
      "open_datenew": "2020年"
    },
    {
      "newoiling_machine": 4.0,
      "neweoil_gun": 24.0,
      "newemployees": 12.0,
      "newsale_amount": 0.0,
      "company_id": "10005885",
      "company_short_name": "高速石油",
      "company_name": "浙江高速石油发展有限公司",
      "introd_type": "门店简介",
      "shop_id": "32852429",
      "shop_name": "高速龙岗(上)加油站",
      "province": "浙江省",
      "longitude": "119.11552",
      "latitude": "30.165612",
      "business_id": "102",
      "business_type": "加油站",
      "adress": "临安区龙岗镇林川村龙岗服务区加油站",
      "open_date": "2005-12-26",
      "employees": "12",
      "cumul_revenue": 0.0,
      "sale_amount": 0.0,
      "passenger_flow": 0.0,
      "passenger_price": 0.0,
      "loil_lng_annual_saleslow": 5549.0,
      "oiling_machine": 4.0,
      "oil_gun": 24.0,
      "refind_oil_annual_sales": 5451.0,
      "annual_sales_92": 2555.0,
      "annual_sales_95": 1391.0,
      "annual_sales_98": 0.0,
      "annual_sales_0": 1506.0,
      "annual_pvenergy_output": 0.0,
      "pv_capacity": 0.0,
      "create_date": "2023-10-10 16:14:44",
      "rank": "1",
      "rank2": "1",
      "identifier": "",
      "newcompany_id": "4",
      "loil_lng_annual_sales": 0.55,
      "open_datenew": "2005年"
    },
    {
      "newoiling_machine": 4.0,
      "neweoil_gun": 24.0,
      "newemployees": 12.0,
      "newsale_amount": 0.0,
      "company_id": "10005885",
      "company_short_name": "高速石油",
      "company_name": "浙江高速石油发展有限公司",
      "introd_type": "门店简介",
      "shop_id": "32852430",
      "shop_name": "高速龙岗(下)加油站",
      "province": "浙江省",
      "longitude": "119.112925",
      "latitude": "30.165994",
      "business_id": "102",
      "business_type": "加油站",
      "adress": "临安区龙岗镇林川村龙岗服务区加油站",
      "open_date": "2005-12-26",
      "employees": "12",
      "cumul_revenue": 0.0,
      "sale_amount": 0.0,
      "passenger_flow": 0.0,
      "passenger_price": 0.0,
      "loil_lng_annual_saleslow": 4379.0,
      "oiling_machine": 4.0,
      "oil_gun": 24.0,
      "refind_oil_annual_sales": 3864.0,
      "annual_sales_92": 1509.0,
      "annual_sales_95": 969.0,
      "annual_sales_98": 0.0,
      "annual_sales_0": 1385.0,
      "annual_pvenergy_output": 0.0,
      "pv_capacity": 0.0,
      "create_date": "2023-10-10 16:14:44",
      "rank": "1",
      "rank2": "1",
      "identifier": "",
      "newcompany_id": "4",
      "loil_lng_annual_sales": 0.44,
      "open_datenew": "2005年"
    },
    {
      "newoiling_machine": 4.0,
      "neweoil_gun": 20.0,
      "newemployees": 8.0,
      "newsale_amount": 0.0,
      "company_id": "10005885",
      "company_short_name": "高速石油",
      "company_name": "浙江高速石油发展有限公司",
      "introd_type": "门店简介",
      "shop_id": "32855204",
      "shop_name": "高速龙泉(上)加油站",
      "province": "浙江省",
      "longitude": "119.101993",
      "latitude": "28.028404",
      "business_id": "102",
      "business_type": "加油站",
      "adress": "丽水龙泉市兰巨乡蜜蜂岭村龙庆高速公路服务区加油站",
      "open_date": "2013-06-26",
      "employees": "8",
      "cumul_revenue": 0.0,
      "sale_amount": 0.0,
      "passenger_flow": 0.0,
      "passenger_price": 0.0,
      "loil_lng_annual_saleslow": 3198.0,
      "oiling_machine": 4.0,
      "oil_gun": 20.0,
      "refind_oil_annual_sales": 3113.0,
      "annual_sales_92": 1281.0,
      "annual_sales_95": 748.0,
      "annual_sales_98": 0.0,
      "annual_sales_0": 1084.0,
      "annual_pvenergy_output": 0.0,
      "pv_capacity": 0.0,
      "create_date": "2023-10-10 16:14:49",
      "rank": "1",
      "rank2": "1",
      "identifier": "",
      "newcompany_id": "4",
      "loil_lng_annual_sales": 0.32,
      "open_datenew": "2013年"
    },
    {
      "newoiling_machine": 4.0,
      "neweoil_gun": 20.0,
      "newemployees": 8.0,
      "newsale_amount": 0.0,
      "company_id": "10005885",
      "company_short_name": "高速石油",
      "company_name": "浙江高速石油发展有限公司",
      "introd_type": "门店简介",
      "shop_id": "32855205",
      "shop_name": "高速龙泉(下)加油站",
      "province": "浙江省",
      "longitude": "119.104563",
      "latitude": "28.02962",
      "business_id": "102",
      "business_type": "加油站",
      "adress": "丽水龙泉市兰巨乡蜜蜂岭村龙庆高速公路服务区加油站",
      "open_date": "2013-06-27",
      "employees": "8",
      "cumul_revenue": 0.0,
      "sale_amount": 0.0,
      "passenger_flow": 0.0,
      "passenger_price": 0.0,
      "loil_lng_annual_saleslow": 3227.0,
      "oiling_machine": 4.0,
      "oil_gun": 20.0,
      "refind_oil_annual_sales": 3124.0,
      "annual_sales_92": 1142.0,
      "annual_sales_95": 752.0,
      "annual_sales_98": 0.0,
      "annual_sales_0": 1231.0,
      "annual_pvenergy_output": 0.0,
      "pv_capacity": 0.0,
      "create_date": "2023-10-10 16:14:49",
      "rank": "1",
      "rank2": "1",
      "identifier": "",
      "newcompany_id": "4",
      "loil_lng_annual_sales": 0.32,
      "open_datenew": "2013年"
    },
    {
      "newoiling_machine": 4.0,
      "neweoil_gun": 16.0,
      "newemployees": 10.0,
      "newsale_amount": 0.0,
      "company_id": "10005885",
      "company_short_name": "高速石油",
      "company_name": "浙江高速石油发展有限公司",
      "introd_type": "门店简介",
      "shop_id": "32852551",
      "shop_name": "高速龙游(上)加油站",
      "province": "浙江省",
      "longitude": "119.149006",
      "latitude": "28.916045",
      "business_id": "102",
      "business_type": "加油站",
      "adress": "龙游县溪口镇灵山乡石角村龙丽高速龙游服务区加油站",
      "open_date": "2006-12-28",
      "employees": "10",
      "cumul_revenue": 0.0,
      "sale_amount": 0.0,
      "passenger_flow": 0.0,
      "passenger_price": 0.0,
      "loil_lng_annual_saleslow": 4331.0,
      "oiling_machine": 4.0,
      "oil_gun": 16.0,
      "refind_oil_annual_sales": 3528.0,
      "annual_sales_92": 1000.0,
      "annual_sales_95": 637.0,
      "annual_sales_98": 23.0,
      "annual_sales_0": 1868.0,
      "annual_pvenergy_output": 0.0,
      "pv_capacity": 0.0,
      "create_date": "2023-10-10 16:14:46",
      "rank": "1",
      "rank2": "1",
      "identifier": "",
      "newcompany_id": "4",
      "loil_lng_annual_sales": 0.43,
      "open_datenew": "2006年"
    },
    {
      "newoiling_machine": 4.0,
      "neweoil_gun": 16.0,
      "newemployees": 9.0,
      "newsale_amount": 0.0,
      "company_id": "10005885",
      "company_short_name": "高速石油",
      "company_name": "浙江高速石油发展有限公司",
      "introd_type": "门店简介",
      "shop_id": "32852552",
      "shop_name": "高速龙游(下)加油站",
      "province": "浙江省",
      "longitude": "119.147464",
      "latitude": "28.917694",
      "business_id": "102",
      "business_type": "加油站",
      "adress": "龙游县溪口镇灵山乡石角村龙丽高速龙游服务区加油站",
      "open_date": "2006-12-28",
      "employees": "9",
      "cumul_revenue": 0.0,
      "sale_amount": 0.0,
      "passenger_flow": 0.0,
      "passenger_price": 0.0,
      "loil_lng_annual_saleslow": 3482.0,
      "oiling_machine": 4.0,
      "oil_gun": 16.0,
      "refind_oil_annual_sales": 2870.0,
      "annual_sales_92": 1109.0,
      "annual_sales_95": 661.0,
      "annual_sales_98": 23.0,
      "annual_sales_0": 1077.0,
      "annual_pvenergy_output": 0.0,
      "pv_capacity": 0.0,
      "create_date": "2023-10-10 16:14:46",
      "rank": "1",
      "rank2": "1",
      "identifier": "",
      "newcompany_id": "4",
      "loil_lng_annual_sales": 0.35,
      "open_datenew": "2006年"
    }
  ]
}
